3322 4880
664 391 894 448 PRAEFATIO.
1295 391 1340 447 XI

218 595 295 640 usus
323 582 377 640 est.
431 573 587 657 Alioquin
621 577 666 640 ad
694 577 750 640 loos
780 574 915 639 annales
943 573 1134 639 iudicandos
1163 575 1340 640 studiorum

218 684 348 728 suorum
364 663 523 745 primitiis
545 665 583 730 de
606 665 810 730 Francorum
832 661 1008 726 maioribus
1034 664 1165 728 ιίοιιιιιε1
1188 665 1263 729 bene
1291 664 1339 730 in·

218 759 363 833 structus,
399 773 464 817 non
492 753 583 817 modo
612 753 769 818 nonnulla
799 749 983 831 emendavit,
1019 753 1075 815 sed
1108 751 1202 816 etiam
1235 753 1339 832 fontes

218 841 364 906 indicare
393 841 521 922 studuit,
555 861 746 923 quamquam
774 840 812 905 iu
840 840 893 905 lois
922 839 1143 921 dipuoscendis
1171 839 1239 904 iam
1268 841 1339 907 ideo

188 949 457 1012 snonnumqnam
491 929 527 995 in
562 951 701 996 errorem
734 929 882 995 inductus
915 928 994 1009 fuit,
1033 928 1110 1010 quia
1144 929 1228 994 banc
1262 951 1338 995 com·

212 1017 402 1100 pilationem
436 1018 617 1101 antiquiore
650 1018 750 1084 inuiti
779 1017 979 1100 ipnorabat2.
1034 1018 1102 1082 Nec
1131 1017 1239 1082 minus
1267 1018 1339 1083 inre

218 1106 343 1188 quidem
372 1108 603 1190 Frapmentmu
633 1106 870 1173 Freberiauum
904 1108 942 1172 de
972 1105 1112 1188 Pippino
1141 1109 1226 1187 duce,
1257 1109 1341 1189 quod

225 1195 383 1260 Obesnius
406 1198 629 1279 neplcpendum
651 1198 795 1277 duxerat,
819 1195 857 1260 in
878 1195 1055 1260 subsidium
1075 1216 1175 1261 nouae
1190 1195 1340 1261 editionis

219 1284 374 1366 adhibuit,
405 1287 461 1350 sed
487 1285 536 1351 ita
564 1286 725 1351 interdum
755 1291 871 1350 tentum
893 1284 1037 1366 priorem
1069 1306 1139 1350 cum
1168 1285 1340 1350 recentiore

174 1396 200 1435 ιο
211 1373 411 1456 permiscuit.
473 1374 632 1453 Ueterum,
667 1373 819 1455 quoniam
849 1379 944 1438 totum
974 1394 1053 1457 opus
1084 1395 1122 1438 en
1151 1373 1228 1438 aliis
1262 1395 1338 1440 coru·

214 1461 352 1544 pilatum
379 1463 557 1545 perspenit,
592 1463 688 1528 etiam
717 1463 866 1544 pluribus
899 1482 994 1544 quam
1031 1461 1187 1528 Obesuins
1219 1463 1341 1542 fecerat

219 1550 352 1632 omissis,
377 1573 482 1617 annos
497 1557 683 1616 687-768.
708 1558 737 1616 et
754 1551 898 1633 priorem
920 1551 1141 1616 narrationem
1160 1552 1198 1616 de
1213 1574 1244 1616 a.
1262 1559 1337 1616 830.

218 1641 319 1704 denno
342 1642 441 1721 edere,
461 1647 629 1722 praeterea
652 1641 734 1706 locos
756 1642 908 1722 quosdam
931 1662 961 1704 a.
981 1646 1054 1705 770.
1073 1646 1148 1704 771.
1170 1647 1337 1706 778783.

220 1734 292 1792 790.
321 1735 393 1793 799.
419 1735 493 1797 800.
519 1736 594 1794 803.
619 1736 694 1794 804.
720 1737 793 1794 805.
817 1729 1003 1794 Annalibus
1025 1729 1116 1811 repni
1134 1731 1339 1794 Francorum

174 1839 199 1879 15
218 1814 311 1898 (quos
344 1817 491 1884 Annales
519 1819 748 1884 Laurisseuses
781 1825 811 1882 et
843 1817 1012 1883 1⁴'n'nlcardi
1040 1819 1188 1884 Annales
1220 1841 1338 1884 nuncu·

211 1905 319 1990 pauit)
337 1907 566 1988 adscripsisse3
584 1907 663 1973 satis
686 1907 805 1972 babuit.
822 1943 865 1951 -
882 1907 927 1972 In
941 1928 1019 1972 usus
1036 1913 1160 1972 nostros
1169 1915 1339 1990 postquam

217 2016 245 2059 o.
262 1997 292 2060 d.
310 1995 445 2060 Marius
461 1997 637 2061 Krammer
652 2017 812 2062 annornm
828 2002 1015 2060 687-708.
1040 2002 1068 2061 et
1083 2017 1190 2060 eornm
1205 2018 1285 2078 quae
1301 1999 1339 2062 de

217 2105 247 2148 a.
280 2089 355 2147 830.
391 2105 430 2148 en
462 2085 648 2150 Annalibus
677 2085 888 2150 Mettensibus
914 2084 1084 2169 prioribus
1115 2085 1232 2151 bansta
1265 2093 1340 2150 sunt

216 2172 429 2238 recensionem
459 2173 668 2238 Perteianam
702 2195 771 2238 cum
802 2173 905 2238 codice
934 2173 1141 2238 Berolineusi
1171 2174 1339 2256 dilipenter

173 2287 199 2326 oo
217 2260 357 2342 contulit,
380 2261 493 2327 deinde
519 2285 547 2327 u.
572 2264 602 2326 d.
626 2262 669 2327 B.
695 2262 890 2327 Sclmeidlcr
911 2284 942 2326 a.
968 2268 1154 2326 687-775.
1181 2262 1339 2327 etiamen

217 2352 320 2414 eodem
340 2358 486 2416 accurate
509 2350 683 2433 exscripsit,
701 2358 894 2433 postremum
914 2351 951 2416 V.
969 2351 1017 2416 Ol.
1038 2350 1073 2416 0.
1091 2351 1339 2433 Holdcr·Epper

217 2438 362 2504 lectiones
384 2440 559 2505 annotarit.

237 2548 266 2588 ⁴,
323 2529 386 2592 Est
406 2550 478 2594 nero
503 2529 720 2610 indicandum,
752 2528 985 2610 compilatorem
1014 2528 1173 2593 iuniorem
1203 2529 1339 2594 annales

216 2616 339 2697 priores
361 2639 426 2682 non
449 2625 514 2682 tam
528 2618 633 2699 ipsum
648 2624 843 2698 retractasse,
860 2638 955 2698 quam
971 2623 1157 2683 retractatos
1172 2617 1336 2700 accepisse.

173 2730 199 2769 ss
222 2706 312 2786 Quod
333 2705 408 2771 inde
431 2707 613 2771 concludere
636 2705 715 2788 licet,
739 2707 823 2788 quod
837 2713 949 2788 partes
971 2707 1094 2786 formae
1116 2706 1213 2771 buius
1235 2728 1337 2773 recen·

217 2793 309 2859 tioric
331 2794 398 2858 iam
420 2795 458 2859 iu

322 2880 404 2965 132)
439 2885 542 2948 codice
576 2883 779 2949 Parisino
813 2905 864 2950 nr.
901 2889 997 2965 5017,
1033 2905 1113 2949 saec.
1152 2884 1226 2965 XI,
1263 2885 1343 2949 olim'

218 2971 251 3036 S.
276 2971 411 3052 Arnulfi
433 2972 610 3053 Mettensis,
640 2995 739 3038 rnanu
768 2995 848 3039 saec.
876 2973 965 3037 XII.
989 2973 1167 3056 Repinonis
1190 2975 1337 3039 chronico

217 3082 247 3124 a.
274 3067 348 3124 777.
375 3068 448 3125 778.
475 3069 548 3126 783.
574 3068 649 3127 792.
675 3069 749 3127 793.
780 3069 854 3126 800.
880 3069 954 3126 802.
987 3068 1061 3126 803.
1087 3064 1186 3126 804.⁴=
1208 3063 1338 3128 additus

172 3175 198 3213 so
216 3149 399 3230 reperimus.
439 3151 555 3216 Teutas
573 3152 710 3216 locorum
726 3151 916 3233 additarum,
934 3152 992 3216 etsi
1010 3151 1185 3232 aliquando
1201 3153 1337 3233 paulmn

216 3237 354 3320 mutilus,
379 3261 409 3302 a.
429 3245 446 3302 7
452 3245 502 3304 77.
527 3246 556 3304 et
579 3247 653 3305 803.
678 3240 813 3304 seruatis
836 3240 1025 3322 quibusdam
1046 3240 1159 3320 uerbis,
1191 3261 1271 3321 quae
1300 3241 1337 3306 iu

217 3326 319 3391 codice
348 3327 554 3393 Berolineusi
577 3329 807 3411 praetermissa
837 3334 926 3409 sunt,
951 3329 1088 3411 propius
1118 3331 1162 3394 ad
1190 3329 1337 3395 Annales

216 3414 387 3480 Mettenses
410 3417 539 3498 priores
562 3417 682 3483 accedit
691 3417 712 3480 ⁵.
759 3417 893 3498 Manus,
924 3417 1062 3482 ateiris
1084 3419 1200 3482 barum
1229 3439 1337 3484 rerum

209 3503 419 3586 peritissimis
445 3505 613 3586 specimine
643 3505 782 3571 codicis6
805 3506 949 3571 Parisiis
978 3508 1119 3572 benevole
1149 3508 1337 3572 transmisso

172 3618 198 3657 es
217 3592 315 3657 oculis
350 3614 476 3658 cernere
506 3593 603 3676 licuit,
638 3596 678 3659 ab
708 3615 824 3676 eornm,
859 3596 915 3677 qui
950 3596 1065 3661 librum
1094 3594 1337 3662 Berolinensem

217 3801 243 3870 1)
270 3804 329 3854 ‘Dic
352 3804 503 3856 Gcschiclrte
527 3805 575 3856 der
593 3805 831 3871 Merowinpisclrcn
849 3805 1029 3860 Hausmcicr'.
1068 3806 1219 3860 Hannooer.
1258 3810 1335 3862 1819.

215 3876 244 3938 2)
265 3873 358 3925 Etiam
375 3876 458 3927 multo
475 3878 563 3941 mapis
580 3893 611 3928 ea
629 3879 659 3927 in
676 3893 707 3928 re
718 3877 840 3942 Bouncll,
854 3879 913 3929 ‘Die
925 3878 1054 3943 Aufdupc
1066 3879 1112 3929 des
1122 3879 1337 3945 karollnpcschen

215 3944 335 3998 Hauses'
360 3963 388 4013 p.
409 3949 468 4002 159.
500 3950 615 4012 erravit,
646 3964 808 4015 quamquam
834 3951 921 4016 plura
948 3965 981 4000 en
1008 3951 1097 4015 ipnoto
1124 3950 1197 4013 fonte
1224 3952 1336 4014 {luxisse

217 4018 414 4072 animadvertit.
446 4019 518 4081 Quae
529 4019 663 4084 Rapinom'
677 4019 840 4084 deberentur,
853 4027 964 4086 utroque
975 4023 1127 4072 accuratius
1139 4023 1194 4072 iam
1208 4022 1336 4073 Clanius

170 4097 198 4136 40
216 4086 244 4149 (l.
266 4087 282 4140 l.
305 4103 333 4153 p.
353 4091 414 4142 282.
436 4091 584 4144 290292)
607 4091 737 4144 discrevit.
819 4092 846 4160 3)
866 4091 914 4145 SS.
933 4091 959 4157 I,
983 4109 1011 4159 p.
1033 4095 1090 4146 148.
1115 4094 1174 4147 158.
1196 4095 1253 4147 164.
1275 4095 1334 4146 176.

217 4159 275 4211 186.
298 4160 445 4215 191-193.
518 4160 545 4228 4)
566 4161 610 4224 Cf.
629 4162 776 4226 Rapinonis
793 4163 936 4214 chronicon
953 4179 1003 4216 rec.
1022 4163 1055 4216 F.
1069 4163 1170 4228 Kar-ze,
1191 4164 1237 4216 SS.
1256 4180 1280 4216 r.
1303 4164 1334 4217 G.

356 4233 372 4266 q
892 4237 898 4248 ·
941 4251 948 4264 ι

213 4245 243 4367 b)
266 4231 326 4354 {bol
338 4233 389 4355 500.
407 4233 529 4367 {indubii
546 4234 674 4369 6duod4b.
693 4306 753 4358 802.
766 4234 859 4356 5000ιᾷ
859 4322 877 4355 α
886 4235 1290 4370 2befibisbilebe’onls'tabitiiidpdi
1310 4235 1336 4354 bb

216 4373 363 4423 maalmam
381 4378 488 4438 partem
507 4390 532 4428 a.
551 4377 612 4429 803.
632 4375 750 4441 praebet,
