<?xml version="1.0" encoding="UTF-8"?>
<!DOCTYPE html PUBLIC "-//W3C//DTD XHTML 1.0 Transitional//EN"
    "http://www.w3.org/TR/xhtml1/DTD/xhtml1-transitional.dtd">
<html xmlns="http://www.w3.org/1999/xhtml" xml:lang="en" lang="en">
 <head>
  <title>
</title>
<meta http-equiv="Content-Type" content="text/html;charset=utf-8" />
  <meta name='ocr-system' content='tesseract 3.04.00' />
  <meta name='ocr-capabilities' content='ocr_page ocr_carea ocr_par ocr_line ocrx_word'/>
</head>
<body>
  <div class='ocr_page' id='page_1' title='image "annalesmettense00simsgoog_0126.png"; bbox 0 0 3304 4892; ppageno 0'>
   <div class='ocr_carea' id='block_1_1' title="bbox 302 365 1320 426">
    <p class='ocr_par' dir='ltr' id='par_1_1' title="bbox 302 365 1320 426">
     <span class='ocr_line' id='line_1_1' title="bbox 302 365 1320 426; baseline 0 0"><span class='ocrx_word' id='word_1_1' title='bbox 302 372 354 426; x_wconf 82' lang='lat'><strong>104</strong></span> <span class='ocrx_word' id='word_1_2' title='bbox 398 365 579 422; x_wconf 75' lang='lat' dir='ltr'>ANNALES</span> <span class='ocrx_word' id='word_1_3' title='bbox 594 365 820 422; x_wconf 76' lang='lat' dir='ltr'><strong>Murruusus</strong></span> <span class='ocrx_word' id='word_1_4' title='bbox 835 365 1104 423; x_wconf 76' lang='lat' dir='ltr'>POSTERIORES.</span> <span class='ocrx_word' id='word_1_5' title='bbox 1131 367 1167 424; x_wconf 90' lang='lat' dir='ltr'><strong>A.</strong></span> <span class='ocrx_word' id='word_1_6' title='bbox 1180 372 1242 426; x_wconf 83' lang='lat'>804.</span> <span class='ocrx_word' id='word_1_7' title='bbox 1258 371 1320 426; x_wconf 76' lang='lat'>805.</span> 
     </span>
    </p>
   </div>
   <div class='ocr_carea' id='block_1_2' title="bbox 181 543 1466 3634">
    <p class='ocr_par' dir='ltr' id='par_1_2' title="bbox 181 543 1419 792">
     <span class='ocr_line' id='line_1_2' title="bbox 181 543 1418 616; baseline 0.002 -20"><span class='ocrx_word' id='word_1_8' title='bbox 181 558 208 600; x_wconf 72' lang='lat' dir='ltr'><strong>A.</strong></span> <span class='ocrx_word' id='word_1_9' title='bbox 216 558 246 599; x_wconf 83' lang='lat' dir='ltr'><strong>rr.</strong></span> <span class='ocrx_word' id='word_1_10' title='bbox 251 568 290 607; x_wconf 70' lang='lat' dir='ltr'><strong>pr.</strong></span> <span class='ocrx_word' id='word_1_11' title='bbox 301 562 431 616; x_wconf 81' lang='lat' dir='ltr'><strong>germane</strong></span> <span class='ocrx_word' id='word_1_12' title='bbox 448 562 496 600; x_wconf 89' lang='lat' dir='ltr'><strong>sue</strong></span> <span class='ocrx_word' id='word_1_13' title='bbox 509 543 593 612; x_wconf 80' lang='lat' dir='ltr'><strong>Gisle,</strong></span> <span class='ocrx_word' id='word_1_14' title='bbox 611 560 664 612; x_wconf 89' lang='lat' dir='ltr'><strong>que</strong></span> <span class='ocrx_word' id='word_1_15' title='bbox 681 543 711 598; x_wconf 94' lang='lat' dir='ltr'><strong>in</strong></span> <span class='ocrx_word' id='word_1_16' title='bbox 728 543 770 598; x_wconf 90' lang='lat' dir='ltr'><strong>his</strong></span> <span class='ocrx_word' id='word_1_17' title='bbox 789 543 884 598; x_wconf 88' lang='lat' dir='ltr'><strong>diebus</strong></span> <span class='ocrx_word' id='word_1_18' title='bbox 903 545 1055 615; x_wconf 70' lang='lat' dir='ltr'><strong>egrotabat,</strong></span> <span class='ocrx_word' id='word_1_19' title='bbox 1068 545 1104 599; x_wconf 91' lang='lat' dir='ltr'><strong>ad</strong></span> <span class='ocrx_word' id='word_1_20' title='bbox 1115 544 1211 600; x_wconf 80' lang='lat' dir='ltr'><strong>Galam</strong></span> <span class='ocrx_word' id='word_1_21' title='bbox 1222 545 1418 600; x_wconf 85' lang='lat' dir='ltr'><strong>monasterium</strong></span> 
     </span>
     <span class='ocr_line' id='line_1_3' title="bbox 301 632 1418 702; baseline -0.001 -14"><span class='ocrx_word' id='word_1_22' title='bbox 301 633 432 702; x_wconf 86' lang='lat' dir='ltr'><strong>pervenit.</strong></span> <span class='ocrx_word' id='word_1_23' title='bbox 476 633 669 701; x_wconf 74' lang='lat' dir='ltr'><strong>Fretusque⁸</strong></span> <span class='ocrx_word' id='word_1_24' title='bbox 691 632 748 687; x_wconf 89' lang='lat' dir='ltr'><strong>eius</strong></span> <span class='ocrx_word' id='word_1_25' title='bbox 774 633 920 702; x_wconf 89' lang='lat' dir='ltr'><strong>colloquio,</strong></span> <span class='ocrx_word' id='word_1_26' title='bbox 945 633 981 687; x_wconf 90' lang='lat' dir='ltr'><strong>ad</strong></span> <span class='ocrx_word' id='word_1_27' title='bbox 1000 633 1166 688; x_wconf 71' lang='lat' dir='ltr'><strong>Curisiacum</strong></span> <span class='ocrx_word' id='word_1_28' title='bbox 1184 636 1279 689; x_wconf 88' lang='lat' dir='ltr'><strong>villam</strong></span> <span class='ocrx_word' id='word_1_29' title='bbox 1296 635 1418 688; x_wconf 82' lang='lat' dir='ltr'><strong>Leonem</strong></span> 
     </span>
     <span class='ocr_line' id='line_1_4' title="bbox 300 720 1419 792; baseline 0 -16"><span class='ocrx_word' id='word_1_30' title='bbox 300 739 416 791; x_wconf 88' lang='lat' dir='ltr'><strong>papam,</strong></span> <span class='ocrx_word' id='word_1_31' title='bbox 442 739 525 791; x_wconf 87' lang='lat' dir='ltr'><strong>quem</strong></span> <span class='ocrx_word' id='word_1_32' title='bbox 552 720 627 791; x_wconf 89' lang='lat' dir='ltr'><strong>apud</strong></span> <span class='ocrx_word' id='word_1_33' title='bbox 653 721 786 775; x_wconf 82' lang='lat' dir='ltr'><strong>Sanctum</strong></span> <span class='ocrx_word' id='word_1_34' title='bbox 813 720 978 776; x_wconf 87' lang='lat' dir='ltr'><strong>Medardum</strong></span> <span class='ocrx_word' id='word_1_35' title='bbox 1005 722 1202 792; x_wconf 71' lang='lat' dir='ltr'>dereliquerat,</span> <span class='ocrx_word' id='word_1_36' title='bbox 1230 723 1283 777; x_wconf 82' lang='lat' dir='ltr'>sibi</span> <span class='ocrx_word' id='word_1_37' title='bbox 1309 723 1419 777; x_wconf 85' lang='lat' dir='ltr'><strong>obviam</strong></span> 
     </span>
    </p>

    <p class='ocr_par' dir='ltr' id='par_1_3' title="bbox 185 808 1451 1223">
     <span class='ocr_line' id='line_1_5' title="bbox 238 808 1418 882; baseline 0.003 -21"><span class='ocrx_word' id='word_1_38' title='bbox 238 823 289 871; x_wconf 70' lang='lat' dir='ltr'><strong>ras.</strong></span> <span class='ocrx_word' id='word_1_39' title='bbox 301 811 393 865; x_wconf 85' lang='lat' dir='ltr'><strong>venire</strong></span> <span class='ocrx_word' id='word_1_40' title='bbox 411 809 485 866; x_wconf 82' lang='lat' dir='ltr'><strong>iecit.</strong></span> <span class='ocrx_word' id='word_1_41' title='bbox 521 808 627 864; x_wconf 82' lang='lat' dir='ltr'><strong>Deinde</strong></span> <span class='ocrx_word' id='word_1_42' title='bbox 646 810 734 878; x_wconf 87' lang='lat' dir='ltr'><strong>Aquis</strong></span> <span class='ocrx_word' id='word_1_43' title='bbox 752 810 881 878; x_wconf 88' lang='lat' dir='ltr'><strong>perduxit</strong></span> <span class='ocrx_word' id='word_1_44' title='bbox 899 814 927 864; x_wconf 88' lang='lat' dir='ltr'><strong>et</strong></span> <span class='ocrx_word' id='word_1_45' title='bbox 944 811 1110 866; x_wconf 86' lang='lat' dir='ltr'><strong>honoratum</strong></span> <span class='ocrx_word' id='word_1_46' title='bbox 1128 812 1235 882; x_wconf 81' lang='lat' dir='ltr'><strong>magnis</strong></span> <span class='ocrx_word' id='word_1_47' title='bbox 1252 813 1418 879; x_wconf 86' lang='lat' dir='ltr'><strong>muneribus,</strong></span> 
     </span>
     <span class='ocr_line' id='line_1_6' title="bbox 300 898 1451 969; baseline -0.001 -17"><span class='ocrx_word' id='word_1_48' title='bbox 300 915 351 969; x_wconf 91' lang='lat' dir='ltr'><strong>per</strong></span> <span class='ocrx_word' id='word_1_49' title='bbox 368 898 524 952; x_wconf 89' lang='lat' dir='ltr'><strong>Baioariam</strong></span> <span class='ocrx_word' id='word_1_50' title='bbox 543 899 583 953; x_wconf 89' lang='lat' dir='ltr'><strong>ire</strong></span> <span class='ocrx_word' id='word_1_51' title='bbox 601 899 741 953; x_wconf 84' lang='lat' dir='ltr'><strong>volentem</strong></span> <span class='ocrx_word' id='word_1_52' title='bbox 760 916 777 953; x_wconf 92' lang='lat' dir='ltr'><strong>a</strong></span> <span class='ocrx_word' id='word_1_53' title='bbox 794 899 849 954; x_wconf 88' lang='lat' dir='ltr'><strong>suis</strong></span> <span class='ocrx_word' id='word_1_54' title='bbox 867 899 931 954; x_wconf 90' lang='lat' dir='ltr'><strong>duci</strong></span> <span class='ocrx_word' id='word_1_55' title='bbox 950 899 1016 954; x_wconf 81' lang='lat' dir='ltr'><strong>fecit</strong></span> <span class='ocrx_word' id='word_1_56' title='bbox 1034 917 1119 969; x_wconf 89' lang='lat' dir='ltr'><strong>usque</strong></span> <span class='ocrx_word' id='word_1_57' title='bbox 1130 901 1301 956; x_wconf 86' lang='lat' dir='ltr'><strong>Ravennam.</strong></span> <span class='ocrx_word' id='word_1_58' title='bbox 1332 900 1419 954; x_wconf 80' lang='lat' dir='ltr'><strong>(lausa</strong></span> <span class='ocrx_word' id='word_1_59' title='bbox 1437 911 1451 950; x_wconf 81' lang='lat' dir='ltr'><strong>o</strong></span> 
     </span>
     <span class='ocr_line' id='line_1_7' title="bbox 185 986 1418 1058; baseline 0.003 -20"><span class='ocrx_word' id='word_1_60' title='bbox 185 1000 245 1046; x_wconf 72' lang='lat' dir='ltr'><strong>aar,</strong></span> <span class='ocrx_word' id='word_1_61' title='bbox 252 1011 289 1050; x_wconf 68' lang='lat' dir='ltr'><strong>pr.</strong></span> <span class='ocrx_word' id='word_1_62' title='bbox 301 988 433 1042; x_wconf 85' lang='lat' dir='ltr'><strong>adventus</strong></span> <span class='ocrx_word' id='word_1_63' title='bbox 463 1018 498 1028; x_wconf 95' lang='lat'><em>-</em></span> <span class='ocrx_word' id='word_1_64' title='bbox 529 1018 563 1027; x_wconf 91' lang='lat'><em>-</em></span> <span class='ocrx_word' id='word_1_65' title='bbox 593 986 713 1042; x_wconf 81' lang='lat' dir='ltr'><strong>Romam</strong></span> <span class='ocrx_word' id='word_1_66' title='bbox 742 987 893 1057; x_wconf 75' lang='lat' dir='ltr'><strong>repedavit.</strong></span> <span class='ocrx_word' id='word_1_67' title='bbox 947 987 1022 1042; x_wconf 87' lang='lat' dir='ltr'><strong>Rex</strong></span> <span class='ocrx_word' id='word_1_68' title='bbox 1051 1005 1117 1044; x_wconf 87' lang='lat' dir='ltr'><strong>varo</strong></span> <span class='ocrx_word' id='word_1_69' title='bbox 1147 990 1282 1058; x_wconf 85' lang='lat' dir='ltr'><strong>reliquam</strong></span> <span class='ocrx_word' id='word_1_70' title='bbox 1311 992 1418 1058; x_wconf 89' lang='lat' dir='ltr'><strong>partem</strong></span> 
     </span>
     <span class='ocr_line' id='line_1_8' title="bbox 300 1075 1418 1148; baseline 0 -18"><span class='ocrx_word' id='word_1_71' title='bbox 300 1076 397 1130; x_wconf 90' lang='lat' dir='ltr'><strong>hiemis</strong></span> <span class='ocrx_word' id='word_1_72' title='bbox 421 1075 450 1130; x_wconf 91' lang='lat' dir='ltr'><strong>in</strong></span> <span class='ocrx_word' id='word_1_73' title='bbox 474 1077 529 1130; x_wconf 87' lang='lat' dir='ltr'><strong>iam</strong></span> <span class='ocrx_word' id='word_1_74' title='bbox 554 1075 627 1130; x_wconf 85' lang='lat' dir='ltr'><strong>dicto</strong></span> <span class='ocrx_word' id='word_1_75' title='bbox 655 1077 761 1146; x_wconf 89' lang='lat' dir='ltr'><strong>palacio</strong></span> <span class='ocrx_word' id='word_1_76' title='bbox 788 1075 941 1146; x_wconf 77' lang='lat' dir='ltr'><strong>peragensb</strong></span> <span class='ocrx_word' id='word_1_77' title='bbox 967 1077 1069 1148; x_wconf 89' lang='lat' dir='ltr'><strong>pascha</strong></span> <span class='ocrx_word' id='word_1_78' title='bbox 1093 1077 1205 1132; x_wconf 86' lang='lat' dir='ltr'><strong>Domini</strong></span> <span class='ocrx_word' id='word_1_79' title='bbox 1230 1094 1294 1132; x_wconf 85' lang='lat' dir='ltr'><strong>oum</strong></span> <span class='ocrx_word' id='word_1_80' title='bbox 1318 1076 1418 1148; x_wconf 80' lang='lat' dir='ltr'><strong>gaudio</strong></span> 
     </span>
     <span class='ocr_line' id='line_1_9' title="bbox 301 1165 458 1223; baseline 0.025 -3"><span class='ocrx_word' id='word_1_81' title='bbox 301 1165 458 1223; x_wconf 85' lang='lat' dir='ltr'><strong>celebravit.</strong></span> 
     </span>
    </p>

    <p class='ocr_par' dir='ltr' id='par_1_4' title="bbox 182 1252 1466 1590">
     <span class='ocr_line' id='line_1_10' title="bbox 182 1252 1419 1325; baseline 0.004 -21"><span class='ocrx_word' id='word_1_82' title='bbox 182 1266 291 1316; x_wconf 71' lang='lat' dir='ltr'><strong>arrpr.</strong></span> <span class='ocrx_word' id='word_1_83' title='bbox 408 1255 491 1308; x_wconf 86' lang='lat' dir='ltr'><strong>Anno</strong></span> <span class='ocrx_word' id='word_1_84' title='bbox 516 1252 654 1308; x_wconf 88' lang='lat' dir='ltr'><strong>dominica</strong></span> <span class='ocrx_word' id='word_1_85' title='bbox 678 1253 873 1308; x_wconf 78' lang='lat' dir='ltr'><strong>incarnationis</strong></span> <span class='ocrx_word' id='word_1_86' title='bbox 893 1252 1048 1311; x_wconf 74' lang='lat' dir='ltr'><strong>DGOOV0.</strong></span> <span class='ocrx_word' id='word_1_87' title='bbox 1089 1253 1270 1324; x_wconf 74' lang='lat' dir='ltr'><strong>dcapoanuse</strong></span> <span class='ocrx_word' id='word_1_88' title='bbox 1293 1255 1419 1325; x_wconf 85' lang='lat' dir='ltr'><strong>princeps</strong></span> 
     </span>
     <span class='ocr_line' id='line_1_11' title="bbox 300 1341 1466 1414; baseline 0 -18"><span class='ocrx_word' id='word_1_89' title='bbox 300 1341 447 1396; x_wconf 88' lang='lat' dir='ltr'><strong>Hunorum</strong></span> <span class='ocrx_word' id='word_1_90' title='bbox 465 1347 580 1412; x_wconf 86' lang='lat' dir='ltr'><strong>propter</strong></span> <span class='ocrx_word' id='word_1_91' title='bbox 596 1343 786 1398; x_wconf 87' lang='lat' dir='ltr'><strong>necessitatem</strong></span> <span class='ocrx_word' id='word_1_92' title='bbox 803 1343 899 1412; x_wconf 90' lang='lat' dir='ltr'><strong>populi</strong></span> <span class='ocrx_word' id='word_1_93' title='bbox 917 1343 960 1396; x_wconf 91' lang='lat' dir='ltr'><strong>sui</strong></span> <span class='ocrx_word' id='word_1_94' title='bbox 978 1343 1173 1412; x_wconf 81' lang='lat' dir='ltr'><strong>imperatorem</strong></span> <span class='ocrx_word' id='word_1_95' title='bbox 1192 1343 1267 1412; x_wconf 86' lang='lat' dir='ltr'><strong>adiit,</strong></span> <span class='ocrx_word' id='word_1_96' title='bbox 1279 1344 1419 1414; x_wconf 86' lang='lat' dir='ltr'><strong>postulans</strong></span> <span class='ocrx_word' id='word_1_97' title='bbox 1439 1357 1466 1396; x_wconf 84' lang='lat'><strong>10</strong></span> 
     </span>
     <span class='ocr_line' id='line_1_12' title="bbox 301 1430 1419 1500; baseline 0.002 -16"><span class='ocrx_word' id='word_1_98' title='bbox 301 1431 353 1484; x_wconf 89' lang='lat' dir='ltr'><strong>sibi</strong></span> <span class='ocrx_word' id='word_1_99' title='bbox 377 1430 468 1485; x_wconf 89' lang='lat' dir='ltr'><strong>locum</strong></span> <span class='ocrx_word' id='word_1_100' title='bbox 493 1431 553 1484; x_wconf 88' lang='lat' dir='ltr'><strong>dari</strong></span> <span class='ocrx_word' id='word_1_101' title='bbox 577 1431 612 1484; x_wconf 88' lang='lat' dir='ltr'><strong>ad</strong></span> <span class='ocrx_word' id='word_1_102' title='bbox 636 1431 816 1486; x_wconf 89' lang='lat' dir='ltr'><strong>habitandum</strong></span> <span class='ocrx_word' id='word_1_103' title='bbox 840 1433 913 1486; x_wconf 85' lang='lat' dir='ltr'><strong>inter</strong></span> <span class='ocrx_word' id='word_1_104' title='bbox 937 1430 1081 1500; x_wconf 86' lang='lat' dir='ltr'><strong>Sabariam</strong></span> <span class='ocrx_word' id='word_1_105' title='bbox 1106 1436 1134 1487; x_wconf 86' lang='lat' dir='ltr'><strong>et</strong></span> <span class='ocrx_word' id='word_1_106' title='bbox 1152 1431 1329 1500; x_wconf 84' lang='lat' dir='ltr'><strong>Carnuntum,</strong></span> <span class='ocrx_word' id='word_1_107' title='bbox 1355 1432 1419 1500; x_wconf 90' lang='lat' dir='ltr'><strong>quia</strong></span> 
     </span>
     <span class='ocr_line' id='line_1_13' title="bbox 301 1519 1419 1590; baseline 0.004 -16"><span class='ocrx_word' id='word_1_108' title='bbox 301 1523 416 1589; x_wconf 89' lang='lat' dir='ltr'><strong>propter</strong></span> <span class='ocrx_word' id='word_1_109' title='bbox 432 1519 636 1574; x_wconf 82' lang='lat' dir='ltr'><strong>infestationem</strong></span> <span class='ocrx_word' id='word_1_110' title='bbox 654 1519 816 1575; x_wconf 85' lang='lat' dir='ltr'><strong>Sclavorum</strong></span> <span class='ocrx_word' id='word_1_111' title='bbox 833 1520 863 1574; x_wconf 91' lang='lat' dir='ltr'><strong>in</strong></span> <span class='ocrx_word' id='word_1_112' title='bbox 880 1520 1001 1590; x_wconf 81' lang='lat' dir='ltr'><strong>pristinis</strong></span> <span class='ocrx_word' id='word_1_113' title='bbox 1019 1520 1128 1576; x_wconf 86' lang='lat' dir='ltr'><strong>sedibus</strong></span> <span class='ocrx_word' id='word_1_114' title='bbox 1146 1538 1204 1576; x_wconf 87' lang='lat' dir='ltr'><strong>esse</strong></span> <span class='ocrx_word' id='word_1_115' title='bbox 1222 1538 1277 1574; x_wconf 91' lang='lat' dir='ltr'><strong>non</strong></span> <span class='ocrx_word' id='word_1_116' title='bbox 1301 1525 1419 1589; x_wconf 89' lang='lat' dir='ltr'><strong>poterat.</strong></span> 
     </span>
    </p>

    <p class='ocr_par' dir='ltr' id='par_1_5' title="bbox 183 1587 1466 3634">
     <span class='ocr_line' id='line_1_14' title="bbox 183 1587 1419 1688; baseline 0.002 -27"><span class='ocrx_word' id='word_1_117' title='bbox 183 1639 210 1684; x_wconf 37' lang='grc' dir='ltr'><strong>Α</strong></span> <span class='ocrx_word' id='word_1_118' title='bbox 220 1587 391 1688; x_wconf 42' lang='lat' dir='ltr'><strong>&amp;Quem</strong></span> <span class='ocrx_word' id='word_1_119' title='bbox 408 1608 559 1677; x_wconf 88' lang='lat' dir='ltr'><strong>imperator</strong></span> <span class='ocrx_word' id='word_1_120' title='bbox 576 1609 695 1680; x_wconf 81' lang='lat' dir='ltr'><strong>benigne</strong></span> <span class='ocrx_word' id='word_1_121' title='bbox 714 1609 833 1678; x_wconf 89' lang='lat' dir='ltr'><strong>suscepit</strong></span> <span class='ocrx_word' id='word_1_122' title='bbox 851 1610 963 1678; x_wconf 87' lang='lat' dir='ltr'><strong>eiusque</strong></span> <span class='ocrx_word' id='word_1_123' title='bbox 980 1609 1107 1679; x_wconf 88' lang='lat' dir='ltr'><strong>precibus</strong></span> <span class='ocrx_word' id='word_1_124' title='bbox 1126 1609 1195 1664; x_wconf 87' lang='lat' dir='ltr'><strong>favit</strong></span> <span class='ocrx_word' id='word_1_125' title='bbox 1202 1610 1221 1667; x_wconf 85' lang='lat'><strong>¹.</strong></span> <span class='ocrx_word' id='word_1_126' title='bbox 1257 1609 1325 1664; x_wconf 79' lang='lat' dir='ltr'><strong>Erat</strong></span> <span class='ocrx_word' id='word_1_127' title='bbox 1346 1609 1419 1663; x_wconf 91' lang='lat' dir='ltr'><strong>enim</strong></span> 
     </span>
     <span class='ocr_line' id='line_1_15' title="bbox 302 1695 1419 1769; baseline 0.003 -20"><span class='ocrx_word' id='word_1_128' title='bbox 302 1713 437 1766; x_wconf 87' lang='lat' dir='ltr'><strong>capcanus</strong></span> <span class='ocrx_word' id='word_1_129' title='bbox 462 1695 639 1766; x_wconf 79' lang='lat' dir='ltr'><strong>Christianus,</strong></span> <span class='ocrx_word' id='word_1_130' title='bbox 663 1697 776 1764; x_wconf 83' lang='lat' dir='ltr'><strong>nomine</strong></span> <span class='ocrx_word' id='word_1_131' title='bbox 800 1697 970 1769; x_wconf 82' lang='lat' dir='ltr'><strong>Theodorus,</strong></span> <span class='ocrx_word' id='word_1_132' title='bbox 995 1702 1023 1753; x_wconf 91' lang='lat' dir='ltr'><strong>et</strong></span> <span class='ocrx_word' id='word_1_133' title='bbox 1047 1699 1174 1767; x_wconf 90' lang='lat' dir='ltr'><strong>precibus</strong></span> <span class='ocrx_word' id='word_1_134' title='bbox 1199 1698 1256 1753; x_wconf 87' lang='lat' dir='ltr'><strong>eius</strong></span> <span class='ocrx_word' id='word_1_135' title='bbox 1279 1699 1419 1752; x_wconf 89' lang='lat' dir='ltr'><strong>annuens¹</strong></span> 
     </span>
     <span class='ocr_line' id='line_1_16' title="bbox 301 1784 1466 1858; baseline 0 -20"><span class='ocrx_word' id='word_1_136' title='bbox 301 1784 460 1839; x_wconf 88' lang='lat' dir='ltr'><strong>muneribus</strong></span> <span class='ocrx_word' id='word_1_137' title='bbox 478 1784 610 1840; x_wconf 84' lang='lat' dir='ltr'><strong>donatum</strong></span> <span class='ocrx_word' id='word_1_138' title='bbox 628 1785 718 1840; x_wconf 82' lang='lat' dir='ltr'><strong>redire</strong></span> <span class='ocrx_word' id='word_1_139' title='bbox 743 1787 875 1856; x_wconf 84' lang='lat' dir='ltr'><strong>permisit</strong></span> <span class='ocrx_word' id='word_1_140' title='bbox 914 1786 968 1857; x_wconf 73' lang='lat' dir='ltr'><strong>Qui</strong></span> <span class='ocrx_word' id='word_1_141' title='bbox 991 1786 1099 1842; x_wconf 89' lang='lat' dir='ltr'><strong>rediens</strong></span> <span class='ocrx_word' id='word_1_142' title='bbox 1123 1787 1158 1841; x_wconf 85' lang='lat' dir='ltr'><strong>ad</strong></span> <span class='ocrx_word' id='word_1_143' title='bbox 1181 1787 1316 1858; x_wconf 90' lang='lat' dir='ltr'><strong>populum</strong></span> <span class='ocrx_word' id='word_1_144' title='bbox 1339 1805 1419 1840; x_wconf 89' lang='lat' dir='ltr'><strong>suum</strong></span> <span class='ocrx_word' id='word_1_145' title='bbox 1438 1799 1466 1838; x_wconf 81' lang='lat' dir='ltr'><strong>ro</strong></span> 
     </span>
     <span class='ocr_line' id='line_1_17' title="bbox 301 1875 1418 1946; baseline 0.003 -19"><span class='ocrx_word' id='word_1_146' title='bbox 301 1890 389 1943; x_wconf 90' lang='lat' dir='ltr'><strong>pauco</strong></span> <span class='ocrx_word' id='word_1_147' title='bbox 407 1878 534 1944; x_wconf 82' lang='lat' dir='ltr'><strong>tempore</strong></span> <span class='ocrx_word' id='word_1_148' title='bbox 551 1879 687 1930; x_wconf 69' lang='lat' dir='ltr'><strong>bansaoto</strong></span> <span class='ocrx_word' id='word_1_149' title='bbox 706 1876 779 1930; x_wconf 91' lang='lat' dir='ltr'><strong>diem</strong></span> <span class='ocrx_word' id='word_1_150' title='bbox 798 1875 874 1932; x_wconf 88' lang='lat' dir='ltr'><strong>obiit.</strong></span> <span class='ocrx_word' id='word_1_151' title='bbox 910 1875 948 1929; x_wconf 81' lang='lat' dir='ltr'><strong>Et</strong></span> <span class='ocrx_word' id='word_1_152' title='bbox 966 1876 1040 1930; x_wconf 90' lang='lat' dir='ltr'><strong>misit</strong></span> <span class='ocrx_word' id='word_1_153' title='bbox 1057 1876 1171 1930; x_wconf 76' lang='lat' dir='ltr'><strong>altnr&#39;</strong></span> <span class='ocrx_word' id='word_1_154' title='bbox 1189 1893 1308 1946; x_wconf 77' lang='lat' dir='ltr'><strong>caganus</strong></span> <span class='ocrx_word' id='word_1_155' title='bbox 1332 1893 1418 1930; x_wconf 87' lang='lat' dir='ltr'><strong>unum</strong></span> 
     </span>
     <span class='ocr_line' id='line_1_18' title="bbox 302 1961 1419 2034; baseline 0.002 -18"><span class='ocrx_word' id='word_1_156' title='bbox 302 1961 337 2017; x_wconf 87' lang='lat' dir='ltr'><strong>de</strong></span> <span class='ocrx_word' id='word_1_157' title='bbox 364 1962 542 2032; x_wconf 85' lang='lat' dir='ltr'><strong>optimatibus</strong></span> <span class='ocrx_word' id='word_1_158' title='bbox 568 1965 637 2034; x_wconf 89' lang='lat' dir='ltr'><strong>suis,</strong></span> <span class='ocrx_word' id='word_1_159' title='bbox 667 1969 764 2034; x_wconf 89' lang='lat' dir='ltr'><strong>petens</strong></span> <span class='ocrx_word' id='word_1_160' title='bbox 793 1964 846 2019; x_wconf 84' lang='lat' dir='ltr'><strong>sibi</strong></span> <span class='ocrx_word' id='word_1_161' title='bbox 875 1965 1009 2018; x_wconf 86' lang='lat' dir='ltr'><strong>honorem</strong></span> <span class='ocrx_word' id='word_1_162' title='bbox 1039 1966 1182 2034; x_wconf 87' lang='lat' dir='ltr'><strong>antiquum</strong></span> <span class='ocrx_word' id='word_1_163' title='bbox 1212 1964 1305 2034; x_wconf 86' lang='lat' dir='ltr'><strong>dari,</strong></span> <span class='ocrx_word' id='word_1_164' title='bbox 1336 1982 1419 2033; x_wconf 86' lang='lat' dir='ltr'><strong>quem</strong></span> 
     </span>
     <span class='ocr_line' id='line_1_19' title="bbox 302 2051 1418 2123; baseline 0.001 -17"><span class='ocrx_word' id='word_1_165' title='bbox 302 2068 420 2120; x_wconf 81' lang='lat' dir='ltr'><strong>caganus</strong></span> <span class='ocrx_word' id='word_1_166' title='bbox 439 2052 513 2120; x_wconf 91' lang='lat' dir='ltr'><strong>apud</strong></span> <span class='ocrx_word' id='word_1_167' title='bbox 530 2051 628 2108; x_wconf 87' lang='lat' dir='ltr'><strong>Hunos</strong></span> <span class='ocrx_word' id='word_1_168' title='bbox 650 2053 753 2108; x_wconf 90' lang='lat' dir='ltr'><strong>habere</strong></span> <span class='ocrx_word' id='word_1_169' title='bbox 778 2054 893 2108; x_wconf 80' lang='lat' dir='ltr'><strong>solebat.</strong></span> <span class='ocrx_word' id='word_1_170' title='bbox 937 2053 1020 2108; x_wconf 84' lang='lat' dir='ltr'><strong>Ouius</strong></span> <span class='ocrx_word' id='word_1_171' title='bbox 1044 2055 1171 2123; x_wconf 88' lang='lat' dir='ltr'><strong>precibus</strong></span> <span class='ocrx_word' id='word_1_172' title='bbox 1196 2055 1345 2123; x_wconf 87' lang='lat' dir='ltr'><strong>imperator</strong></span> <span class='ocrx_word' id='word_1_173' title='bbox 1372 2053 1418 2107; x_wconf 91' lang='lat' dir='ltr'><strong>ad·</strong></span> 
     </span>
     <span class='ocr_line' id='line_1_20' title="bbox 302 2141 1418 2213; baseline 0.002 -19"><span class='ocrx_word' id='word_1_174' title='bbox 302 2157 409 2195; x_wconf 81' lang='lat' dir='ltr'><strong>sermm</strong></span> <span class='ocrx_word' id='word_1_175' title='bbox 428 2141 538 2210; x_wconf 89' lang='lat' dir='ltr'><strong>prebuit</strong></span> <span class='ocrx_word' id='word_1_176' title='bbox 556 2145 584 2196; x_wconf 89' lang='lat' dir='ltr'><strong>et</strong></span> <span class='ocrx_word' id='word_1_177' title='bbox 602 2159 737 2196; x_wconf 86' lang='lat' dir='ltr'><strong>summam</strong></span> <span class='ocrx_word' id='word_1_178' title='bbox 755 2142 840 2197; x_wconf 88' lang='lat' dir='ltr'><strong>totius</strong></span> <span class='ocrx_word' id='word_1_179' title='bbox 863 2143 943 2213; x_wconf 77' lang='lat' dir='ltr'><strong>regni</strong></span> <span class='ocrx_word' id='word_1_180' title='bbox 968 2141 1046 2196; x_wconf 88' lang='lat' dir='ltr'><strong>iuxta</strong></span> <span class='ocrx_word' id='word_1_181' title='bbox 1069 2143 1190 2212; x_wconf 87' lang='lat' dir='ltr'><strong>priscum</strong></span> <span class='ocrx_word' id='word_1_182' title='bbox 1215 2160 1310 2198; x_wconf 89' lang='lat' dir='ltr'><strong>eorum</strong></span> <span class='ocrx_word' id='word_1_183' title='bbox 1334 2143 1418 2196; x_wconf 88' lang='lat' dir='ltr'><strong>ritum</strong></span> 
     </span>
     <span class='ocr_line' id='line_1_21' title="bbox 301 2229 1465 2302; baseline -0.002 -19"><span class='ocrx_word' id='word_1_184' title='bbox 301 2246 436 2300; x_wconf 81' lang='lat' dir='ltr'><strong>caganum</strong></span> <span class='ocrx_word' id='word_1_185' title='bbox 462 2229 564 2285; x_wconf 85' lang='lat' dir='ltr'><strong>habere</strong></span> <span class='ocrx_word' id='word_1_186' title='bbox 590 2230 722 2300; x_wconf 88' lang='lat' dir='ltr'><strong>precepit.</strong></span> <span class='ocrx_word' id='word_1_187' title='bbox 768 2230 874 2286; x_wconf 78' lang='lat' dir='ltr'><strong>Eodem</strong></span> <span class='ocrx_word' id='word_1_188' title='bbox 902 2248 988 2302; x_wconf 89' lang='lat' dir='ltr'><strong>anno,</strong></span> <span class='ocrx_word' id='word_1_189' title='bbox 1017 2248 1080 2285; x_wconf 92' lang='lat' dir='ltr'><strong>cum</strong></span> <span class='ocrx_word' id='word_1_190' title='bbox 1110 2234 1181 2286; x_wconf 83' lang='lat' dir='ltr'><strong>esset</strong></span> <span class='ocrx_word' id='word_1_191' title='bbox 1209 2232 1359 2301; x_wconf 87' lang='lat' dir='ltr'><strong>imperator</strong></span> <span class='ocrx_word' id='word_1_192' title='bbox 1388 2231 1418 2285; x_wconf 90' lang='lat' dir='ltr'><strong>in</strong></span> <span class='ocrx_word' id='word_1_193' title='bbox 1437 2243 1465 2281; x_wconf 79' lang='lat' dir='ltr'><strong>ac</strong></span> 
     </span>
     <span class='ocr_line' id='line_1_22' title="bbox 300 2318 1417 2388; baseline 0.002 -16"><span class='ocrx_word' id='word_1_194' title='bbox 300 2319 407 2387; x_wconf 88' lang='lat' dir='ltr'><strong>palacio</strong></span> <span class='ocrx_word' id='word_1_195' title='bbox 429 2319 502 2387; x_wconf 88' lang='lat' dir='ltr'><strong>quod</strong></span> <span class='ocrx_word' id='word_1_196' title='bbox 527 2319 610 2373; x_wconf 89' lang='lat' dir='ltr'><strong>situm</strong></span> <span class='ocrx_word' id='word_1_197' title='bbox 635 2324 677 2374; x_wconf 89' lang='lat' dir='ltr'><strong>ast</strong></span> <span class='ocrx_word' id='word_1_198' title='bbox 694 2320 792 2388; x_wconf 83' lang='lat' dir='ltr'><strong>Aquis,</strong></span> <span class='ocrx_word' id='word_1_199' title='bbox 816 2318 892 2374; x_wconf 85' lang='lat' dir='ltr'><strong>misit</strong></span> <span class='ocrx_word' id='word_1_200' title='bbox 916 2320 1068 2374; x_wconf 87' lang='lat' dir='ltr'><strong>exercitum</strong></span> <span class='ocrx_word' id='word_1_201' title='bbox 1092 2337 1172 2374; x_wconf 86' lang='lat' dir='ltr'><strong>suum</strong></span> <span class='ocrx_word' id='word_1_202' title='bbox 1198 2337 1261 2374; x_wconf 90' lang='lat' dir='ltr'><strong>cum</strong></span> <span class='ocrx_word' id='word_1_203' title='bbox 1285 2319 1342 2374; x_wconf 86' lang='lat' dir='ltr'><strong>filio</strong></span> <span class='ocrx_word' id='word_1_204' title='bbox 1368 2337 1417 2374; x_wconf 86' lang='lat' dir='ltr'><strong>suo</strong></span> 
     </span>
     <span class='ocr_line' id='line_1_23' title="bbox 300 2406 1417 2478; baseline 0.002 -17"><span class='ocrx_word' id='word_1_205' title='bbox 300 2406 406 2462; x_wconf 88' lang='lat' dir='ltr'><strong>Karolo</strong></span> <span class='ocrx_word' id='word_1_206' title='bbox 425 2409 454 2461; x_wconf 93' lang='lat' dir='ltr'><strong>in</strong></span> <span class='ocrx_word' id='word_1_207' title='bbox 474 2412 577 2462; x_wconf 89' lang='lat' dir='ltr'><strong>terram</strong></span> <span class='ocrx_word' id='word_1_208' title='bbox 595 2407 757 2464; x_wconf 85' lang='lat' dir='ltr'><strong>Solavorum</strong></span> <span class='ocrx_word' id='word_1_209' title='bbox 782 2425 835 2476; x_wconf 87' lang='lat' dir='ltr'><strong>que</strong></span> <span class='ocrx_word' id='word_1_210' title='bbox 859 2407 994 2464; x_wconf 68' lang='lat' dir='ltr'><strong>vocaturi</strong></span> <span class='ocrx_word' id='word_1_211' title='bbox 1015 2407 1131 2463; x_wconf 90' lang='lat' dir='ltr'><strong>Behsmi</strong></span> <span class='ocrx_word' id='word_1_212' title='bbox 1155 2413 1183 2464; x_wconf 91' lang='lat' dir='ltr'><strong>et</strong></span> <span class='ocrx_word' id='word_1_213' title='bbox 1207 2427 1258 2478; x_wconf 89' lang='lat' dir='ltr'><strong>per</strong></span> <span class='ocrx_word' id='word_1_214' title='bbox 1281 2412 1337 2464; x_wconf 80' lang='lat' dir='ltr'><strong>tres</strong></span> <span class='ocrx_word' id='word_1_215' title='bbox 1360 2409 1417 2463; x_wconf 86' lang='lat' dir='ltr'><strong>vias</strong></span> 
     </span>
     <span class='ocr_line' id='line_1_24' title="bbox 300 2496 1417 2567; baseline 0.002 -19"><span class='ocrx_word' id='word_1_216' title='bbox 300 2496 329 2548; x_wconf 93' lang='lat' dir='ltr'><strong>in</strong></span> <span class='ocrx_word' id='word_1_217' title='bbox 355 2497 469 2551; x_wconf 87' lang='lat' dir='ltr'><strong>eandem</strong></span> <span class='ocrx_word' id='word_1_218' title='bbox 491 2497 633 2567; x_wconf 82' lang='lat' dir='ltr'><strong>regionem</strong></span> <span class='ocrx_word' id='word_1_219' title='bbox 661 2497 811 2552; x_wconf 85' lang='lat' dir='ltr'><strong>exercitum</strong></span> <span class='ocrx_word' id='word_1_220' title='bbox 838 2501 983 2566; x_wconf 89' lang='lat' dir='ltr'><strong>penetrare</strong></span> <span class='ocrx_word' id='word_1_221' title='bbox 1009 2497 1140 2566; x_wconf 89' lang='lat' dir='ltr'><strong>precepit.</strong></span> <span class='ocrx_word' id='word_1_222' title='bbox 1186 2497 1298 2552; x_wconf 88' lang='lat' dir='ltr'><strong>Partem</strong></span> <span class='ocrx_word' id='word_1_223' title='bbox 1324 2501 1417 2552; x_wconf 88' lang='lat' dir='ltr'><strong>autem</strong></span> 
     </span>
     <span class='ocr_line' id='line_1_25' title="bbox 302 2584 1417 2657; baseline 0.001 -19"><span class='ocrx_word' id='word_1_224' title='bbox 302 2585 436 2638; x_wconf 85' lang='lat' dir='ltr'><strong>exercitus</strong></span> <span class='ocrx_word' id='word_1_225' title='bbox 455 2603 518 2639; x_wconf 91' lang='lat' dir='ltr'><strong>cnm</strong></span> <span class='ocrx_word' id='word_1_226' title='bbox 536 2584 641 2640; x_wconf 90' lang='lat' dir='ltr'><strong>Karolo</strong></span> <span class='ocrx_word' id='word_1_227' title='bbox 660 2603 735 2656; x_wconf 83' lang='lat' dir='ltr'><strong>rege,</strong></span> <span class='ocrx_word' id='word_1_228' title='bbox 752 2585 811 2640; x_wconf 88' lang='lat' dir='ltr'><strong>filio</strong></span> <span class='ocrx_word' id='word_1_229' title='bbox 832 2603 890 2656; x_wconf 87' lang='lat' dir='ltr'><strong>suo,</strong></span> <span class='ocrx_word' id='word_1_230' title='bbox 914 2603 965 2655; x_wconf 88' lang='lat' dir='ltr'><strong>per</strong></span> <span class='ocrx_word' id='word_1_231' title='bbox 990 2587 1151 2641; x_wconf 89' lang='lat' dir='ltr'><strong>orientalem</strong></span> <span class='ocrx_word' id='word_1_232' title='bbox 1175 2593 1283 2657; x_wconf 87' lang='lat' dir='ltr'><strong>partem</strong></span> <span class='ocrx_word' id='word_1_233' title='bbox 1300 2585 1417 2641; x_wconf 80' lang='lat' dir='ltr'><strong>Francis</strong></span> 
     </span>
     <span class='ocr_line' id='line_1_26' title="bbox 301 2673 1463 2746; baseline 0 -21"><span class='ocrx_word' id='word_1_234' title='bbox 301 2689 349 2726; x_wconf 89' lang='lat' dir='ltr'><strong>seu</strong></span> <span class='ocrx_word' id='word_1_235' title='bbox 372 2673 518 2728; x_wconf 84' lang='lat' dir='ltr'><strong>Germanic</strong></span> <span class='ocrx_word' id='word_1_236' title='bbox 545 2675 586 2729; x_wconf 87' lang='lat' dir='ltr'><strong>ire</strong></span> <span class='ocrx_word' id='word_1_237' title='bbox 611 2675 743 2746; x_wconf 87' lang='lat' dir='ltr'><strong>precepit,</strong></span> <span class='ocrx_word' id='word_1_238' title='bbox 770 2679 802 2728; x_wconf 89' lang='lat' dir='ltr'><strong>ut</strong></span> <span class='ocrx_word' id='word_1_239' title='bbox 825 2675 949 2730; x_wconf 89' lang='lat' dir='ltr'><strong>Hircano</strong></span> <span class='ocrx_word' id='word_1_240' title='bbox 976 2676 1047 2729; x_wconf 86' lang='lat' dir='ltr'><strong>saltu</strong></span> <span class='ocrx_word' id='word_1_241' title='bbox 1072 2676 1220 2730; x_wconf 86' lang='lat' dir='ltr'><strong>transiecto</strong></span> <span class='ocrx_word' id='word_1_242' title='bbox 1247 2677 1303 2729; x_wconf 87' lang='lat' dir='ltr'><strong>iam</strong></span> <span class='ocrx_word' id='word_1_243' title='bbox 1329 2674 1417 2729; x_wconf 91' lang='lat' dir='ltr'><strong>dictos</strong></span> <span class='ocrx_word' id='word_1_244' title='bbox 1436 2685 1463 2725; x_wconf 80' lang='lat'><strong>25</strong></span> 
     </span>
     <span class='ocr_line' id='line_1_27' title="bbox 300 2761 1417 2834; baseline 0 -18"><span class='ocrx_word' id='word_1_245' title='bbox 300 2761 413 2816; x_wconf 83' lang='lat' dir='ltr'><strong>Sclavos</strong></span> <span class='ocrx_word' id='word_1_246' title='bbox 430 2761 580 2819; x_wconf 86' lang='lat' dir='ltr'><strong>invaderet.</strong></span> <span class='ocrx_word' id='word_1_247' title='bbox 618 2763 712 2818; x_wconf 88' lang='lat' dir='ltr'><strong>Aliam</strong></span> <span class='ocrx_word' id='word_1_248' title='bbox 729 2781 796 2818; x_wconf 86' lang='lat' dir='ltr'><strong>vero</strong></span> <span class='ocrx_word' id='word_1_249' title='bbox 814 2768 921 2833; x_wconf 86' lang='lat' dir='ltr'><strong>partem</strong></span> <span class='ocrx_word' id='word_1_250' title='bbox 939 2781 989 2833; x_wconf 89' lang='lat' dir='ltr'><strong>per</strong></span> <span class='ocrx_word' id='word_1_251' title='bbox 1006 2763 1155 2818; x_wconf 85' lang='lat' dir='ltr'><strong>Saxoniam</strong></span> <span class='ocrx_word' id='word_1_252' title='bbox 1173 2763 1302 2834; x_wconf 81' lang='lat' dir='ltr'><strong>dirigens,</strong></span> <span class='ocrx_word' id='word_1_253' title='bbox 1327 2767 1358 2816; x_wconf 85' lang='lat' dir='ltr'><strong>ut</strong></span> <span class='ocrx_word' id='word_1_254' title='bbox 1382 2781 1417 2818; x_wconf 87' lang='lat' dir='ltr'><strong>ex</strong></span> 
     </span>
     <span class='ocr_line' id='line_1_28' title="bbox 301 2850 1417 2922; baseline 0.003 -19"><span class='ocrx_word' id='word_1_255' title='bbox 301 2851 386 2904; x_wconf 89' lang='lat' dir='ltr'><strong>altera</strong></span> <span class='ocrx_word' id='word_1_256' title='bbox 403 2854 482 2920; x_wconf 86' lang='lat' dir='ltr'><strong>parte</strong></span> <span class='ocrx_word' id='word_1_257' title='bbox 500 2867 564 2904; x_wconf 90' lang='lat' dir='ltr'><strong>cum</strong></span> <span class='ocrx_word' id='word_1_258' title='bbox 582 2850 735 2906; x_wconf 74' lang='lat' dir='ltr'><strong>Senonibus</strong></span> <span class='ocrx_word' id='word_1_259' title='bbox 756 2857 785 2907; x_wconf 88' lang='lat' dir='ltr'><strong>et</strong></span> <span class='ocrx_word' id='word_1_260' title='bbox 809 2852 1055 2908; x_wconf 88' lang='lat' dir='ltr'><strong>innumerabilibus</strong></span> <span class='ocrx_word' id='word_1_261' title='bbox 1074 2852 1185 2922; x_wconf 83' lang='lat' dir='ltr'><strong>Sclavis,</strong></span> <span class='ocrx_word' id='word_1_262' title='bbox 1210 2853 1359 2907; x_wconf 68' lang='lat' dir='ltr'><strong>transitos</strong></span> <span class='ocrx_word' id='word_1_263' title='bbox 1381 2853 1417 2906; x_wconf 89' lang='lat' dir='ltr'><strong>ab</strong></span> 
     </span>
     <span class='ocr_line' id='line_1_29' title="bbox 301 2939 1417 3011; baseline 0 -17"><span class='ocrx_word' id='word_1_264' title='bbox 301 2941 427 3009; x_wconf 88' lang='lat' dir='ltr'><strong>aquilone</strong></span> <span class='ocrx_word' id='word_1_265' title='bbox 445 2941 501 2994; x_wconf 90' lang='lat' dir='ltr'><strong>iam</strong></span> <span class='ocrx_word' id='word_1_266' title='bbox 519 2939 593 2994; x_wconf 88' lang='lat' dir='ltr'><strong>dicto</strong></span> <span class='ocrx_word' id='word_1_267' title='bbox 612 2941 691 3010; x_wconf 85' lang='lat' dir='ltr'><strong>saltn,</strong></span> <span class='ocrx_word' id='word_1_268' title='bbox 710 2941 739 2994; x_wconf 92' lang='lat' dir='ltr'><strong>in</strong></span> <span class='ocrx_word' id='word_1_269' title='bbox 757 2940 869 2996; x_wconf 84' lang='lat' dir='ltr'><strong>Sclavos</strong></span> <span class='ocrx_word' id='word_1_270' title='bbox 890 2945 1089 3011; x_wconf 89' lang='lat' dir='ltr'><strong>prorumperet.</strong></span> <span class='ocrx_word' id='word_1_271' title='bbox 1127 2941 1225 2996; x_wconf 81' lang='lat' dir='ltr'><strong>Tereia</strong></span> <span class='ocrx_word' id='word_1_272' title='bbox 1248 2958 1358 3010; x_wconf 89' lang='lat' dir='ltr'><strong>quoque</strong></span> <span class='ocrx_word' id='word_1_273' title='bbox 1383 2958 1417 2994; x_wconf 87' lang='lat' dir='ltr'><strong>ex</strong></span> 
     </span>
     <span class='ocr_line' id='line_1_30' title="bbox 299 3028 1417 3101; baseline -0.001 -17"><span class='ocrx_word' id='word_1_274' title='bbox 299 3033 380 3098; x_wconf 86' lang='lat' dir='ltr'><strong>parte</strong></span> <span class='ocrx_word' id='word_1_275' title='bbox 398 3029 601 3099; x_wconf 83' lang='lat' dir='ltr'><strong>expeditionem</strong></span> <span class='ocrx_word' id='word_1_276' title='bbox 619 3029 707 3084; x_wconf 86' lang='lat' dir='ltr'><strong>tocius</strong></span> <span class='ocrx_word' id='word_1_277' title='bbox 725 3028 853 3083; x_wconf 91' lang='lat' dir='ltr'><strong>Baioarie</strong></span> <span class='ocrx_word' id='word_1_278' title='bbox 870 3029 899 3082; x_wconf 90' lang='lat' dir='ltr'><strong>in</strong></span> <span class='ocrx_word' id='word_1_279' title='bbox 917 3030 1033 3085; x_wconf 85' lang='lat' dir='ltr'><strong>eandem</strong></span> <span class='ocrx_word' id='word_1_280' title='bbox 1050 3032 1192 3101; x_wconf 81' lang='lat' dir='ltr'><strong>regionem</strong></span> <span class='ocrx_word' id='word_1_281' title='bbox 1210 3031 1313 3085; x_wconf 89' lang='lat' dir='ltr'><strong>intrare</strong></span> <span class='ocrx_word' id='word_1_282' title='bbox 1331 3030 1417 3084; x_wconf 87' lang='lat' dir='ltr'><strong>iussit.</strong></span> 
     </span>
     <span class='ocr_line' id='line_1_31' title="bbox 300 3117 1464 3188; baseline -0.003 -14"><span class='ocrx_word' id='word_1_283' title='bbox 300 3117 450 3174; x_wconf 86' lang='lat' dir='ltr'><strong>Venientes</strong></span> <span class='ocrx_word' id='word_1_284' title='bbox 477 3122 570 3174; x_wconf 87' lang='lat' dir='ltr'><strong>autem</strong></span> <span class='ocrx_word' id='word_1_285' title='bbox 597 3118 716 3188; x_wconf 89' lang='lat' dir='ltr'><strong>undique</strong></span> <span class='ocrx_word' id='word_1_286' title='bbox 743 3118 772 3172; x_wconf 91' lang='lat' dir='ltr'><strong>in</strong></span> <span class='ocrx_word' id='word_1_287' title='bbox 798 3118 947 3188; x_wconf 87' lang='lat' dir='ltr'><strong>planitiem</strong></span> <span class='ocrx_word' id='word_1_288' title='bbox 975 3119 1104 3188; x_wconf 87' lang='lat' dir='ltr'><strong>Bchemi,</strong></span> <span class='ocrx_word' id='word_1_289' title='bbox 1135 3120 1255 3174; x_wconf 88' lang='lat' dir='ltr'><strong>universi</strong></span> <span class='ocrx_word' id='word_1_290' title='bbox 1280 3119 1418 3188; x_wconf 89' lang='lat' dir='ltr'><strong>principes</strong></span> <span class='ocrx_word' id='word_1_291' title='bbox 1437 3130 1464 3169; x_wconf 78' lang='lat' dir='ltr'><strong>ao</strong></span> 
     </span>
     <span class='ocr_line' id='line_1_32' title="bbox 301 3206 1418 3279; baseline 0 -17"><span class='ocrx_word' id='word_1_292' title='bbox 301 3207 470 3263; x_wconf 86' lang='lat' dir='ltr'><strong>diversarum</strong></span> <span class='ocrx_word' id='word_1_293' title='bbox 495 3209 620 3278; x_wconf 80' lang='lat' dir='ltr'><strong>gentium</strong></span> <span class='ocrx_word' id='word_1_294' title='bbox 644 3208 674 3262; x_wconf 93' lang='lat' dir='ltr'><strong>in</strong></span> <span class='ocrx_word' id='word_1_295' title='bbox 699 3213 847 3277; x_wconf 86' lang='lat' dir='ltr'><strong>conspectu</strong></span> <span class='ocrx_word' id='word_1_296' title='bbox 872 3208 944 3279; x_wconf 83' lang='lat' dir='ltr'><strong>regis</strong></span> <span class='ocrx_word' id='word_1_297' title='bbox 962 3206 1061 3262; x_wconf 90' lang='lat' dir='ltr'><strong>Karoli</strong></span> <span class='ocrx_word' id='word_1_298' title='bbox 1087 3212 1279 3278; x_wconf 86' lang='lat' dir='ltr'><strong>pervenerunt.</strong></span> <span class='ocrx_word' id='word_1_299' title='bbox 1323 3207 1418 3262; x_wconf 80' lang='lat' dir='ltr'><strong>Castra</strong></span> 
     </span>
     <span class='ocr_line' id='line_1_33' title="bbox 300 3296 1418 3367; baseline -0.001 -16"><span class='ocrx_word' id='word_1_300' title='bbox 300 3298 397 3351; x_wconf 87' lang='lat' dir='ltr'><strong>metati</strong></span> <span class='ocrx_word' id='word_1_301' title='bbox 428 3301 492 3351; x_wconf 93' lang='lat' dir='ltr'><strong>sunt</strong></span> <span class='ocrx_word' id='word_1_302' title='bbox 518 3301 610 3352; x_wconf 89' lang='lat' dir='ltr'><strong>autem</strong></span> <span class='ocrx_word' id='word_1_303' title='bbox 640 3296 708 3352; x_wconf 88' lang='lat' dir='ltr'><strong>haut</strong></span> <span class='ocrx_word' id='word_1_304' title='bbox 737 3297 836 3367; x_wconf 91' lang='lat' dir='ltr'><strong>procul</strong></span> <span class='ocrx_word' id='word_1_305' title='bbox 865 3315 882 3352; x_wconf 90' lang='lat' dir='ltr'><strong>a</strong></span> <span class='ocrx_word' id='word_1_306' title='bbox 911 3315 940 3352; x_wconf 91' lang='lat' dir='ltr'><strong>se</strong></span> <span class='ocrx_word' id='word_1_307' title='bbox 970 3297 1011 3350; x_wconf 91' lang='lat' dir='ltr'><strong>illi</strong></span> <span class='ocrx_word' id='word_1_308' title='bbox 1040 3297 1253 3352; x_wconf 87' lang='lat' dir='ltr'><strong>innumerabiles</strong></span> <span class='ocrx_word' id='word_1_309' title='bbox 1283 3297 1418 3352; x_wconf 87' lang='lat' dir='ltr'><strong>exercitus</strong></span> 
     </span>
     <span class='ocr_line' id='line_1_34' title="bbox 301 3385 1417 3457; baseline -0.001 -18"><span class='ocrx_word' id='word_1_310' title='bbox 301 3385 440 3442; x_wconf 88' lang='lat' dir='ltr'><strong>distantes.</strong></span> <span class='ocrx_word' id='word_1_311' title='bbox 471 3385 570 3440; x_wconf 89' lang='lat' dir='ltr'><strong>Karoli</strong></span> <span class='ocrx_word' id='word_1_312' title='bbox 588 3391 681 3440; x_wconf 85' lang='lat' dir='ltr'><strong>autem</strong></span> <span class='ocrx_word' id='word_1_313' title='bbox 699 3386 772 3457; x_wconf 81' lang='lat' dir='ltr'><strong>regis</strong></span> <span class='ocrx_word' id='word_1_314' title='bbox 791 3390 819 3441; x_wconf 90' lang='lat' dir='ltr'><strong>et</strong></span> <span class='ocrx_word' id='word_1_315' title='bbox 836 3387 994 3456; x_wconf 90' lang='lat' dir='ltr'><strong>principum</strong></span> <span class='ocrx_word' id='word_1_316' title='bbox 1012 3387 1059 3456; x_wconf 91' lang='lat' dir='ltr'><strong>qui</strong></span> <span class='ocrx_word' id='word_1_317' title='bbox 1077 3404 1140 3441; x_wconf 91' lang='lat' dir='ltr'><strong>cum</strong></span> <span class='ocrx_word' id='word_1_318' title='bbox 1158 3403 1191 3440; x_wconf 91' lang='lat' dir='ltr'><strong>eo</strong></span> <span class='ocrx_word' id='word_1_319' title='bbox 1211 3390 1290 3440; x_wconf 89' lang='lat' dir='ltr'><strong>erant</strong></span> <span class='ocrx_word' id='word_1_320' title='bbox 1301 3386 1417 3454; x_wconf 88' lang='lat' dir='ltr'><strong>imperio</strong></span> 
     </span>
     <span class='ocr_line' id='line_1_35' title="bbox 300 3474 1418 3546; baseline 0 -19"><span class='ocrx_word' id='word_1_321' title='bbox 300 3492 364 3528; x_wconf 88' lang='lat' dir='ltr'><strong>usus</strong></span> <span class='ocrx_word' id='word_1_322' title='bbox 381 3479 456 3528; x_wconf 83' lang='lat' dir='ltr'><strong>totus</strong></span> <span class='ocrx_word' id='word_1_323' title='bbox 475 3475 521 3528; x_wconf 89' lang='lat' dir='ltr'><strong>ille</strong></span> <span class='ocrx_word' id='word_1_324' title='bbox 541 3477 676 3530; x_wconf 86' lang='lat' dir='ltr'><strong>exercitus</strong></span> <span class='ocrx_word' id='word_1_325' title='bbox 694 3475 782 3544; x_wconf 90' lang='lat' dir='ltr'><strong>ipsam</strong></span> <span class='ocrx_word' id='word_1_326' title='bbox 799 3475 1078 3546; x_wconf 78' lang='lat' dir='ltr'><strong>regioneminvasit.</strong></span> <span class='ocrx_word' id='word_1_327' title='bbox 1115 3475 1171 3530; x_wconf 81' lang='lat' dir='ltr'><strong>Sed</strong></span> <span class='ocrx_word' id='word_1_328' title='bbox 1190 3474 1280 3530; x_wconf 81' lang='lat' dir='ltr'><strong>Sclari</strong></span> <span class='ocrx_word' id='word_1_329' title='bbox 1297 3474 1372 3528; x_wconf 84' lang='lat' dir='ltr'><strong>invia</strong></span> <span class='ocrx_word' id='word_1_330' title='bbox 1389 3477 1418 3528; x_wconf 90' lang='lat' dir='ltr'><strong>et</strong></span> 
     </span>
     <span class='ocr_line' id='line_1_36' title="bbox 300 3563 1464 3634; baseline -0.002 -18"><span class='ocrx_word' id='word_1_331' title='bbox 300 3564 384 3617; x_wconf 84' lang='lat' dir='ltr'><strong>saltus</strong></span> <span class='ocrx_word' id='word_1_332' title='bbox 402 3566 577 3634; x_wconf 86' lang='lat' dir='ltr'><strong>penetrantes</strong></span> <span class='ocrx_word' id='word_1_333' title='bbox 590 3581 618 3618; x_wconf 86' lang='lat' dir='ltr'><strong>se</strong></span> <span class='ocrx_word' id='word_1_334' title='bbox 630 3565 745 3618; x_wconf 89' lang='lat' dir='ltr'><strong>minime</strong></span> <span class='ocrx_word' id='word_1_335' title='bbox 757 3563 792 3617; x_wconf 90' lang='lat' dir='ltr'><strong>ad</strong></span> <span class='ocrx_word' id='word_1_336' title='bbox 810 3581 932 3634; x_wconf 76' lang='lat' dir='ltr'><strong>pugnam</strong></span> <span class='ocrx_word' id='word_1_337' title='bbox 949 3568 1172 3633; x_wconf 80' lang='lat' dir='ltr'><strong>preparaverunt.</strong></span> <span class='ocrx_word' id='word_1_338' title='bbox 1198 3563 1313 3619; x_wconf 85' lang='lat' dir='ltr'><strong>Vastata</strong></span> <span class='ocrx_word' id='word_1_339' title='bbox 1326 3567 1418 3616; x_wconf 88' lang='lat' dir='ltr'><strong>autem</strong></span> <span class='ocrx_word' id='word_1_340' title='bbox 1437 3574 1464 3614; x_wconf 77' lang='lat' dir='ltr'><strong>at</strong></span> 
     </span>
    </p>
   </div>
   <div class='ocr_carea' id='block_1_3' title="bbox 301 3651 1418 3723">
    <p class='ocr_par' dir='ltr' id='par_1_6' title="bbox 301 3651 1418 3723">
     <span class='ocr_line' id='line_1_37' title="bbox 301 3651 1418 3723; baseline 0 -19"><span class='ocrx_word' id='word_1_341' title='bbox 301 3655 329 3705; x_wconf 89' lang='lat' dir='ltr'><strong>et</strong></span> <span class='ocrx_word' id='word_1_342' title='bbox 348 3651 457 3706; x_wconf 87' lang='lat' dir='ltr'><strong>incensa</strong></span> <span class='ocrx_word' id='word_1_343' title='bbox 474 3670 524 3723; x_wconf 89' lang='lat' dir='ltr'><strong>per</strong></span> <span class='ocrx_word' id='word_1_344' title='bbox 536 3651 589 3706; x_wconf 82' lang='lat' dir='ltr'><strong>XL</strong></span> <span class='ocrx_word' id='word_1_345' title='bbox 602 3653 659 3707; x_wconf 86' lang='lat' dir='ltr'><strong>dies</strong></span> <span class='ocrx_word' id='word_1_346' title='bbox 677 3653 773 3707; x_wconf 88' lang='lat' dir='ltr'><strong>eadem</strong></span> <span class='ocrx_word' id='word_1_347' title='bbox 785 3653 906 3723; x_wconf 79' lang='lat' dir='ltr'><strong>regione,</strong></span> <span class='ocrx_word' id='word_1_348' title='bbox 919 3653 1018 3708; x_wconf 88' lang='lat' dir='ltr'><strong>ducem</strong></span> <span class='ocrx_word' id='word_1_349' title='bbox 1031 3670 1126 3708; x_wconf 91' lang='lat' dir='ltr'><strong>eorum</strong></span> <span class='ocrx_word' id='word_1_350' title='bbox 1137 3652 1248 3707; x_wconf 90' lang='lat' dir='ltr'><strong>nomine</strong></span> <span class='ocrx_word' id='word_1_351' title='bbox 1261 3651 1418 3706; x_wconf 83' lang='lat' dir='ltr'><strong>Leohonem</strong></span> 
     </span>
    </p>
   </div>
   <div class='ocr_carea' id='block_1_4' title="bbox 299 3827 1463 4034">
    <p class='ocr_par' dir='ltr' id='par_1_7' title="bbox 299 3827 1463 4034">
     <span class='ocr_line' id='line_1_38' title="bbox 300 3827 1417 3882; baseline -0.001 -12"><span class='ocrx_word' id='word_1_352' title='bbox 300 3828 323 3882; x_wconf 86' lang='lat' dir='ltr'><strong>a)</strong></span> <span class='ocrx_word' id='word_1_353' title='bbox 343 3831 375 3868; x_wconf 78' lang='lat' dir='ltr'><strong>lta</strong></span> <span class='ocrx_word' id='word_1_354' title='bbox 388 3830 435 3870; x_wconf 82' lang='lat'><strong>131.</strong></span> <span class='ocrx_word' id='word_1_355' title='bbox 503 3831 526 3880; x_wconf 90' lang='lat' dir='ltr'><strong>b)</strong></span> <span class='ocrx_word' id='word_1_356' title='bbox 543 3839 559 3877; x_wconf 69' lang='lat'><em>2</em></span> <span class='ocrx_word' id='word_1_357' title='bbox 575 3831 854 3882; x_wconf 80' lang='lat' dir='ltr'><strong>(per)lnlocoraaoB1.</strong></span> <span class='ocrx_word' id='word_1_358' title='bbox 922 3830 943 3881; x_wconf 88' lang='lat' dir='ltr'><strong>c)</strong></span> <span class='ocrx_word' id='word_1_359' title='bbox 957 3835 1009 3881; x_wconf 73' lang='lat' dir='ltr'><strong>post</strong></span> <span class='ocrx_word' id='word_1_360' title='bbox 1022 3830 1098 3873; x_wconf 78' lang='lat' dir='ltr'><strong>DOGG</strong></span> <span class='ocrx_word' id='word_1_361' title='bbox 1112 3832 1171 3870; x_wconf 75' lang='lat' dir='ltr'><strong>loeas</strong></span> <span class='ocrx_word' id='word_1_362' title='bbox 1184 3841 1255 3870; x_wconf 79' lang='lat' dir='ltr'><strong>rasus.</strong></span> <span class='ocrx_word' id='word_1_363' title='bbox 1324 3827 1347 3882; x_wconf 94' lang='lat' dir='ltr'><strong>d)</strong></span> <span class='ocrx_word' id='word_1_364' title='bbox 1366 3831 1417 3869; x_wconf 84' lang='lat' dir='ltr'><strong>Non</strong></span> 
     </span>
     <span class='ocr_line' id='line_1_39' title="bbox 299 3883 1415 3935; baseline 0 -12"><span class='ocrx_word' id='word_1_365' title='bbox 299 3883 369 3923; x_wconf 86' lang='lat' dir='ltr'><strong>multo</strong></span> <span class='ocrx_word' id='word_1_366' title='bbox 383 3889 434 3932; x_wconf 90' lang='lat' dir='ltr'><strong>post</strong></span> <span class='ocrx_word' id='word_1_367' title='bbox 448 3895 489 3927; x_wconf 89' lang='lat' dir='ltr'><strong>om.</strong></span> <span class='ocrx_word' id='word_1_368' title='bbox 502 3887 526 3922; x_wconf 79' lang='lat' dir='ltr'><strong>ut</strong></span> <span class='ocrx_word' id='word_1_369' title='bbox 540 3885 630 3933; x_wconf 70' lang='lat' dir='ltr'><strong>Baptae.</strong></span> <span class='ocrx_word' id='word_1_370' title='bbox 712 3885 732 3935; x_wconf 86' lang='lat' dir='ltr'><strong>a)</strong></span> <span class='ocrx_word' id='word_1_371' title='bbox 751 3885 843 3924; x_wconf 63' lang='lat' dir='ltr'><strong>alterum</strong></span> <span class='ocrx_word' id='word_1_372' title='bbox 861 3896 873 3925; x_wconf 93' lang='lat' dir='ltr'><strong>c</strong></span> <span class='ocrx_word' id='word_1_373' title='bbox 891 3886 915 3924; x_wconf 79' lang='lat' dir='ltr'><strong>in</strong></span> <span class='ocrx_word' id='word_1_374' title='bbox 932 3886 977 3926; x_wconf 83' lang='lat' dir='ltr'><strong>loco</strong></span> <span class='ocrx_word' id='word_1_375' title='bbox 996 3896 1048 3924; x_wconf 79' lang='lat' dir='ltr'><strong>raso</strong></span> <span class='ocrx_word' id='word_1_376' title='bbox 1066 3889 1151 3933; x_wconf 75' lang='lat' dir='ltr'><strong>etpost</strong></span> <span class='ocrx_word' id='word_1_377' title='bbox 1169 3885 1193 3923; x_wconf 85' lang='grc' dir='ltr'><strong><em>ι“ιι</em></strong></span> <span class='ocrx_word' id='word_1_378' title='bbox 1212 3895 1224 3924; x_wconf 96' lang='lat' dir='ltr'><strong>o</strong></span> <span class='ocrx_word' id='word_1_379' title='bbox 1243 3887 1349 3922; x_wconf 74' lang='lat' dir='ltr'><strong>mutatum</strong></span> <span class='ocrx_word' id='word_1_380' title='bbox 1366 3883 1415 3924; x_wconf 87' lang='lat' dir='ltr'><strong>Bl.</strong></span> 
     </span>
     <span class='ocr_line' id='line_1_40' title="bbox 299 3936 1416 3990; baseline 0.001 -16"><span class='ocrx_word' id='word_1_381' title='bbox 299 3936 317 3986; x_wconf 78' lang='lat'><strong>1)</strong></span> <span class='ocrx_word' id='word_1_382' title='bbox 327 3939 379 3986; x_wconf 79' lang='lat' dir='ltr'><strong>post</strong></span> <span class='ocrx_word' id='word_1_383' title='bbox 393 3948 449 3979; x_wconf 79' lang='lat' dir='ltr'><strong>corr.</strong></span> <span class='ocrx_word' id='word_1_384' title='bbox 464 3942 573 3977; x_wconf 85' lang='lat' dir='ltr'><strong>uocantur</strong></span> <span class='ocrx_word' id='word_1_385' title='bbox 586 3937 634 3977; x_wconf 77' lang='lat'><strong>131.</strong></span> <span class='ocrx_word' id='word_1_386' title='bbox 694 3938 715 3990; x_wconf 73' lang='lat' dir='ltr'><strong>g)</strong></span> <span class='ocrx_word' id='word_1_387' title='bbox 729 3939 870 3986; x_wconf 74' lang='lat' dir='ltr'><strong>depravatum</strong></span> <span class='ocrx_word' id='word_1_388' title='bbox 883 3939 968 3978; x_wconf 72' lang='grc' dir='ltr'><strong><em>ιίάιιιιι</em></strong></span> <span class='ocrx_word' id='word_1_389' title='bbox 981 3949 1008 3978; x_wconf 72' lang='lat' dir='ltr'><strong>ea</strong></span> <span class='ocrx_word' id='word_1_390' title='bbox 1022 3938 1144 3978; x_wconf 73' lang='lat' dir='ltr'><strong>translacio</strong></span> <span class='ocrx_word' id='word_1_391' title='bbox 1158 3938 1205 3988; x_wconf 78' lang='lat' dir='ltr'><strong>Al,</strong></span> <span class='ocrx_word' id='word_1_392' title='bbox 1220 3941 1243 3976; x_wconf 75' lang='lat' dir='ltr'><strong>ut</strong></span> <span class='ocrx_word' id='word_1_393' title='bbox 1257 3948 1325 3986; x_wconf 74' lang='lat' dir='ltr'><strong>supra</strong></span> <span class='ocrx_word' id='word_1_394' title='bbox 1334 3936 1416 3986; x_wconf 55' lang='lat'><strong>2103,</strong></span> 
     </span>
     <span class='ocr_line' id='line_1_41' title="bbox 300 3990 1463 4034; baseline 0.005 -6"><span class='ocrx_word' id='word_1_395' title='bbox 300 3990 315 4030; x_wconf 84' lang='lat' dir='ltr'><strong>l.</strong></span> <span class='ocrx_word' id='word_1_396' title='bbox 331 3991 364 4029; x_wconf 78' lang='lat'><strong>20.</strong></span> <span class='ocrx_word' id='word_1_397' title='bbox 379 3991 499 4030; x_wconf 84' lang='lat' dir='ltr'><strong>transierat</strong></span> <span class='ocrx_word' id='word_1_398' title='bbox 512 4000 539 4030; x_wconf 71' lang='lat' dir='ltr'><strong>esc</strong></span> <span class='ocrx_word' id='word_1_399' title='bbox 553 3991 707 4033; x_wconf 81' lang='lat' dir='ltr'><strong>translecerat.</strong></span> <span class='ocrx_word' id='word_1_400' title='bbox 1435 3995 1463 4034; x_wconf 80' lang='lat'><strong>40</strong></span> 
     </span>
    </p>
   </div>
   <div class='ocr_carea' id='block_1_5' title="bbox 300 4129 1416 4411">
    <p class='ocr_par' dir='ltr' id='par_1_8' title="bbox 300 4129 1416 4411">
     <span class='ocr_line' id='line_1_42' title="bbox 301 4129 1415 4200; baseline -0.002 -14"><span class='ocrx_word' id='word_1_401' title='bbox 301 4133 328 4198; x_wconf 86' lang='lat'><strong>1)</strong></span> <span class='ocrx_word' id='word_1_402' title='bbox 357 4132 445 4199; x_wconf 78' lang='lat' dir='ltr'><strong>Idem,</strong></span> <span class='ocrx_word' id='word_1_403' title='bbox 473 4135 550 4185; x_wconf 74' lang='lat' dir='ltr'><strong>aunei</strong></span> <span class='ocrx_word' id='word_1_404' title='bbox 576 4133 661 4185; x_wconf 81' lang='lat' dir='ltr'><strong>verbis</strong></span> <span class='ocrx_word' id='word_1_405' title='bbox 688 4133 848 4200; x_wconf 70' lang='lat' dir='ltr'><strong>Repinomb,</strong></span> <span class='ocrx_word' id='word_1_406' title='bbox 876 4139 933 4185; x_wconf 80' lang='lat' dir='ltr'><strong>tum</strong></span> <span class='ocrx_word' id='word_1_407' title='bbox 959 4131 1044 4184; x_wconf 58' lang='lat' dir='ltr'><strong>rubia</strong></span> <span class='ocrx_word' id='word_1_408' title='bbox 1070 4132 1143 4186; x_wconf 79' lang='grc' dir='ltr'><strong><em>Αιιιι.</em></strong></span> <span class='ocrx_word' id='word_1_409' title='bbox 1171 4129 1210 4186; x_wconf 88' lang='grc' dir='ltr'><strong>Μ.</strong></span> <span class='ocrx_word' id='word_1_410' title='bbox 1234 4147 1281 4198; x_wconf 80' lang='lat' dir='ltr'><strong>pr.</strong></span> <span class='ocrx_word' id='word_1_411' title='bbox 1309 4131 1415 4184; x_wconf 78' lang='lat' dir='ltr'><strong>iterant.</strong></span> 
     </span>
     <span class='ocr_line' id='line_1_43' title="bbox 300 4200 1415 4272; baseline -0.004 -17"><span class='ocrx_word' id='word_1_412' title='bbox 300 4201 327 4268; x_wconf 83' lang='lat'><strong>2)</strong></span> <span class='ocrx_word' id='word_1_413' title='bbox 348 4203 432 4255; x_wconf 89' lang='lat' dir='ltr'><strong>Immo</strong></span> <span class='ocrx_word' id='word_1_414' title='bbox 447 4218 568 4270; x_wconf 70' lang='lat' dir='ltr'><strong>capanea</strong></span> <span class='ocrx_word' id='word_1_415' title='bbox 578 4203 745 4268; x_wconf 76' lang='lat' dir='ltr'><strong>(Kluskhan)</strong></span> <span class='ocrx_word' id='word_1_416' title='bbox 757 4221 775 4255; x_wconf 85' lang='lat' dir='ltr'><strong>a</strong></span> <span class='ocrx_word' id='word_1_417' title='bbox 787 4218 903 4272; x_wconf 79' lang='lat' dir='ltr'><strong>caprano</strong></span> <span class='ocrx_word' id='word_1_418' title='bbox 920 4204 1109 4256; x_wconf 68' lang='lat' dir='ltr'><strong>discernendus</strong></span> <span class='ocrx_word' id='word_1_419' title='bbox 1127 4208 1164 4254; x_wconf 83' lang='lat' dir='ltr'><strong>ost</strong></span> <span class='ocrx_word' id='word_1_420' title='bbox 1171 4225 1179 4267; x_wconf 92' lang='lat'><strong>,·</strong></span> <span class='ocrx_word' id='word_1_421' title='bbox 1197 4203 1232 4266; x_wconf 78' lang='lat' dir='ltr'><strong>cf.</strong></span> <span class='ocrx_word' id='word_1_422' title='bbox 1245 4203 1289 4257; x_wconf 61' lang='grc' dir='ltr'><strong>ίΝ.</strong></span> <span class='ocrx_word' id='word_1_423' title='bbox 1302 4200 1415 4253; x_wconf 78' lang='lat' dir='ltr'><strong>Archiv&#39;</strong></span> 
     </span>
     <span class='ocr_line' id='line_1_44' title="bbox 300 4271 1416 4342; baseline -0.002 -18"><span class='ocrx_word' id='word_1_424' title='bbox 300 4273 409 4340; x_wconf 86' lang='lat' dir='ltr'><strong><em>XXIV,</em></strong></span> <span class='ocrx_word' id='word_1_425' title='bbox 427 4292 455 4342; x_wconf 80' lang='lat' dir='ltr'><strong>p.</strong></span> <span class='ocrx_word' id='word_1_426' title='bbox 469 4277 530 4329; x_wconf 88' lang='lat'><strong>413.</strong></span> <span class='ocrx_word' id='word_1_427' title='bbox 568 4275 663 4327; x_wconf 79' lang='lat' dir='ltr'><strong>Kurze</strong></span> <span class='ocrx_word' id='word_1_428' title='bbox 680 4279 710 4327; x_wconf 82' lang='lat' dir='ltr'><strong>in</strong></span> <span class='ocrx_word' id='word_1_429' title='bbox 727 4278 797 4328; x_wconf 81' lang='lat' dir='ltr'><strong>notia</strong></span> <span class='ocrx_word' id='word_1_430' title='bbox 815 4277 851 4327; x_wconf 80' lang='lat' dir='ltr'><strong>od</strong></span> <span class='ocrx_word' id='word_1_431' title='bbox 868 4277 942 4330; x_wconf 82' lang='grc' dir='ltr'><strong><em>Αιιιι.</em></strong></span> <span class='ocrx_word' id='word_1_432' title='bbox 960 4291 985 4330; x_wconf 79' lang='lat' dir='ltr'><strong>r.</strong></span> <span class='ocrx_word' id='word_1_433' title='bbox 1004 4275 1053 4329; x_wconf 81' lang='lat' dir='ltr'><strong>Fr.</strong></span> <span class='ocrx_word' id='word_1_434' title='bbox 1068 4290 1098 4341; x_wconf 85' lang='lat' dir='ltr'><strong>p.</strong></span> <span class='ocrx_word' id='word_1_435' title='bbox 1116 4275 1175 4330; x_wconf 84' lang='lat'>119.</span> <span class='ocrx_word' id='word_1_436' title='bbox 1195 4278 1219 4326; x_wconf 81' lang='lat' dir='ltr'><strong>et</strong></span> <span class='ocrx_word' id='word_1_437' title='bbox 1237 4273 1281 4328; x_wconf 82' lang='lat' dir='ltr'><strong>‘N.</strong></span> <span class='ocrx_word' id='word_1_438' title='bbox 1301 4271 1416 4324; x_wconf 76' lang='lat' dir='ltr'><strong>Archiv&#39;</strong></span> 
     </span>
     <span class='ocr_line' id='line_1_45' title="bbox 300 4344 1179 4411; baseline 0.007 -17"><span class='ocrx_word' id='word_1_439' title='bbox 300 4344 379 4411; x_wconf 80' lang='grc' dir='ltr'><strong><em>ΧΧΙ,</em></strong></span> <span class='ocrx_word' id='word_1_440' title='bbox 398 4361 428 4411; x_wconf 71' lang='grc'><strong>1).</strong></span> <span class='ocrx_word' id='word_1_441' title='bbox 448 4348 490 4401; x_wconf 87' lang='lat'><strong>53.</strong></span> <span class='ocrx_word' id='word_1_442' title='bbox 510 4346 580 4398; x_wconf 77' lang='lat' dir='ltr'><strong>mihi</strong></span> <span class='ocrx_word' id='word_1_443' title='bbox 596 4346 646 4398; x_wconf 80' lang='lat' dir='ltr'><strong>boc</strong></span> <span class='ocrx_word' id='word_1_444' title='bbox 664 4346 695 4397; x_wconf 80' lang='lat' dir='ltr'><strong>de</strong></span> <span class='ocrx_word' id='word_1_445' title='bbox 713 4361 743 4398; x_wconf 83' lang='lat' dir='ltr'><strong>re</strong></span> <span class='ocrx_word' id='word_1_446' title='bbox 761 4361 816 4398; x_wconf 80' lang='lat' dir='ltr'><strong>nors</strong></span> <span class='ocrx_word' id='word_1_447' title='bbox 833 4352 900 4398; x_wconf 78' lang='lat' dir='ltr'><strong>recte</strong></span> <span class='ocrx_word' id='word_1_448' title='bbox 917 4347 1050 4398; x_wconf 79' lang='lat' dir='ltr'><strong>iudicasse</strong></span> <span class='ocrx_word' id='word_1_449' title='bbox 1067 4346 1179 4400; x_wconf 70' lang='lat' dir='ltr'><strong>ridetw.</strong></span> 
     </span>
    </p>
   </div>
   <div class='ocr_carea' id='block_1_6' title="bbox 0 0 1656 4892">
    <p class='ocr_par' dir='ltr' id='par_1_9' title="bbox 0 0 1656 4892">
     <span class='ocr_line' id='line_1_46' title="bbox 0 0 1656 4892; baseline 0 0"><span class='ocrx_word' id='word_1_450' title='bbox 0 0 1656 4892; x_wconf 95' lang='lat' dir='ltr'><strong> </strong></span> 
     </span>
    </p>
   </div>
  </div>
 </body>
</html>
