3322 4880
302 409 344 468 VI
745 405 975 464 PRAEFATIO.

295 613 405 675 pauca
428 590 543 674 omisit,
560 591 717 656 nonnulla
733 597 846 671 tamen,
862 589 958 655 etiam
974 596 1107 672 praeter
1121 591 1254 657 nomina
1270 591 1420 676 propria,

301 680 496 763 depravavit.

409 769 560 834 Attamen
594 767 748 850 oontinpit
781 767 887 849 nobis,
926 774 962 832 ut
993 789 1059 833 non
1086 789 1224 850 prorsus
1258 791 1422 835 careamus

302 857 523 937 adminiculis,
559 857 671 939 quibus
701 855 805 920 adiuti
834 856 1009 938 aliquando
1042 859 1157 924 mendo
1188 858 1346 940 castipare
1374 859 1422 923 vel

302 947 420 1012 mnissa
442 947 585 1029 supplere
606 946 778 1011 valeamus.
825 945 958 1010 Praedo
981 952 1063 1028 sunt,
1082 954 1213 1028 praeter
1241 947 1352 1028 fontes,
1384 968 1454 1012 ens

301 1035 416 1119 quibus
438 1035 473 1099 hi
496 1035 631 1100 annales
657 1035 830 1114 fluxerunt,
861 1039 890 1097 et
912 1035 1033 1098 eosdem
1062 1037 1198 1102 annales
1226 1041 1420 1116 retractatos,

301 1125 484 1208 frapmenta
506 1125 662 1205 quaedam
685 1129 714 1187 et
735 1128 889 1203 eucnpta,
920 1142 1000 1203 quae
1026 1123 1095 1202 tere
1124 1126 1169 1190 ad
1196 1126 1324 1190 verbam
1352 1146 1422 1189 oum

301 1213 420 1279 nostris
450 1211 651 1292 conveniunt,
682 1211 730 1276 ita
763 1217 798 1275 ut
831 1210 1033 1293 iampridem,
1068 1219 1142 1277 ante
1175 1235 1271 1295 quam
1305 1214 1341 1278 V.
1373 1211 1420 1278 Ol.

302 1302 430 1384 Hampe
459 1300 593 1366 codicem
616 1299 860 1365 Dunetmensem
891 1299 979 1380 vidit,
1003 1299 1069 1364 viri
1099 1301 1181 1367 docti
1210 1301 1422 1383 antiquiorem

302 1390 464 1472 quandum
494 1388 674 1454 Annalium
700 1387 906 1453 Mettensium
936 1388 1148 1454 recensionem
1177 1390 1331 1455 exstitisse
1360 1389 1422 1455 sibi
1441 1415 1467 1454 ιο

295 1477 529 1561 persuaserint.
596 1479 735 1559 Quorum
769 1483 897 1559 partem
937 1476 1032 1542 etium
1071 1477 1109 1543 in
1147 1480 1207 1545 SS.
1247 1485 1267 1543 t.
1309 1478 1420 1559 XIII,
1540 1481 1541 1485 ’

297 1589 332 1649 p.
364 1573 406 1632 26
426 1587 491 1649 sqq.
524 1588 549 1632 s.
581 1573 600 1631 t.
634 1564 824 1631 ‘Aumatium
855 1572 991 1630 veterum
1019 1567 1203 1649 fraumenta
1231 1566 1355 1649 partim
1385 1588 1423 1632 en

302 1655 513 1722 Mettensibus
531 1655 681 1721 desumta'
698 1677 719 1719 a
739 1654 876 1737 Georpio
892 1654 1020 1721 Waitn1
1037 1654 1128 1740 (W.)
1146 1657 1302 1722 collectam
1316 1657 1420 1720 habes.

409 1745 456 1809 Et
476 1766 575 1809 unum
598 1743 723 1826 quidem
751 1743 894 1824 idemque
923 1743 1182 1826 antiquissimum
1211 1751 1240 1810 et
1268 1743 1422 1826 amplissi-

302 1856 388 1898 mum
410 1833 626 1915 frapmentum
655 1832 722 1896 iam
751 1832 819 1910 tere
842 1838 884 1894 30
908 1831 1007 1897 annis
1036 1839 1109 1899 unte
1132 1834 1279 1899 Annales
1307 1840 1467 1899 retrusa

304 1929 381 1987 tutos
407 1921 490 2004 tppis
515 1922 676 2001 vulnotum
706 1927 759 1986 est.
815 1922 1059 2005 Fragmentum
1092 1925 1134 1988 de
1158 1924 1305 2008 Pippino
1335 1925 1421 1988 duce

303 2011 388 2091 dico,
422 2013 506 2093 quod
526 2011 813 2091 Marquardus
836 2009 993 2075 Freher
1021 2010 1059 2075 in
1089 2009 1240 2093 ‘Corpore
1270 2011 1422 2076 historiae

303 2099 495 2166 Francicae’
520 2098 708 2180 (Huneviue
734 2100 834 2181 1613)
853 2121 889 2182 p.
910 2105 970 2164 168
988 2120 1053 2182 sqq.
1078 2101 1177 2166 edidit
1187 2103 1208 2164 ².
1246 2101 1364 2165 Eastut
1385 2099 1422 2164 in

409 2188 443 2253 A
457 2187 487 2270 2)
511 2187 615 2253 codice
630 2187 912 2252 Londiniensi
934 2189 1034 2254 musei
1049 2189 1248 2270 Britannici,
1265 2189 1421 2253 Arundel.

303 2298 354 2342 nr.
380 2283 454 2358 375,
485 2279 667 2357 membran,
695 2276 819 2357 formae
841 2279 1026 2358 quadratae.
1079 2275 1468 2357 Cuiusfol.1—47‘.so
1561 2267 1564 2271 ¹

304 2365 403 2431 Liber
432 2365 585 2431 historiae
607 2365 821 2447 Francorum,
851 2366 907 2445 fol.
933 2366 1097 2430 47‘-72‘.
1126 2365 1278 2431 Historia
1307 2368 1344 2431 de
1374 2386 1422 2431 en·

304 2454 387 2521 cidio
429 2454 558 2535 Troiae,
602 2455 658 2534 fol.
696 2453 872 2518 72¹—75‘.
915 2454 1129 2538 frapmentum
1166 2455 1248 2519 illud
1285 2460 1421 2536 occupat.

308 2544 432 2624 Tentus,
456 2543 512 2624 qui
535 2543 666 2609 rubrica
696 2550 790 2624 e'uret,
821 2543 858 2608 in
887 2546 953 2624 tine
982 2543 1146 2609 nonnullis
1174 2542 1264 2623 foliis
1293 2543 1423 2608 amissis

303 2638 349 2696 est
369 2631 508 2712 mutilus,
532 2631 646 2697 ultima
663 2631 791 2713 popina
813 2633 905 2697 valde
928 2632 1043 2698 detritu
1066 2639 1096 2697 et
1117 2631 1251 2697 maculis
1266 2653 1421 2714 respersa.

304 2719 526 2785 Nihilominus
559 2720 629 2784 viro
667 2718 847 2784 doctissimo
883 2721 934 2786 W.
970 2721 1123 2804 Levison,
1163 2721 1218 2802 qui
1255 2742 1287 2785 a.
1326 2727 1420 2784 1903.
1440 2744 1467 2784 ss

303 2808 498 2875 collationem
522 2808 637 2874 codicis
659 2808 697 2872 in
718 2829 811 2873 usum
834 2808 929 2873 huius
952 2809 1101 2875 editionis
1126 2809 1266 2875 instituit
1293 2831 1421 2875 meorum-

302 2919 361 2980 que
399 2897 531 2981 benipne
572 2895 828 2976 communicavit,
875 2899 970 2961 noulto
1009 2899 1110 2978 plura
1147 2919 1243 2980 quam
1281 2898 1422 2963 Frehero

303 2987 485 3070 dipnoseere
515 2985 670 3051 suecessit.
722 2984 874 3066 Codicem,
906 2988 944 3050 de
974 2985 1064 3050 errius
1087 2986 1201 3067 patria
1231 2986 1316 3051 nihil
1345 3008 1421 3051 oom-

295 3075 450 3158 perimus,
474 3095 513 3139 ev
535 3073 718 3154 continente,
743 3080 771 3140 et
785 3095 882 3157 repno
897 3073 1022 3156 quidem
1038 3075 1250 3158 Francorum,
1267 3074 1421 3156 oripinem

303 3166 415 3230 ducere
437 3163 600 3247 scriptura
623 3164 716 3228 docet.
1441 3189 1468 3228 so

409 3253 481 3318 Ful.
505 3251 637 3316 1—47‘.
662 3253 730 3316 iam
753 3252 876 3317 saeculo
895 3251 962 3332 IX,
987 3251 1120 3335 reliqua,
1145 3273 1225 3334 quae
1240 3252 1421 3318 Historiam

303 3343 340 3406 de
363 3341 486 3408 excidio
512 3339 629 3405 Troiae
659 3346 688 3406 et
709 3340 924 3424 frapmentum
945 3347 1088 3405 nostrum
1108 3343 1270 3425 praebent,
1294 3343 1334 3406 ab
1357 3339 1422 3406 ulio

303 3429 439 3495 librario
463 3430 577 3495 litteris
599 3430 695 3495 multo
718 3429 953 3510 minutioribus,
977 3435 1090 3511 tamen,
1115 3430 1145 3495 si
1168 3451 1233 3495 non
1248 3430 1316 3511 IX,
1341 3436 1422 3495 certe

305 3518 373 3582 X.3
395 3520 517 3584 saeculo
548 3524 682 3584 enarata
710 3524 793 3583 sunt.
848 3519 989 3584 Litterae
1013 3541 1031 3584 e
1055 3521 1126 3600 eti,
1155 3543 1175 3586 o
1199 3527 1228 3585 et
1250 3543 1282 3600 u,
1308 3541 1325 3584 c
1349 3525 1378 3584 et
1399 3541 1421 3602 q

302 3628 388 3671 more
411 3607 541 3689 antiquo
558 3613 793 3691 permutantur,
820 3607 977 3690 aspiratio
1000 3607 1080 3673 alibi
1102 3609 1311 3687 desideratur,
1343 3607 1421 3673 alibi
1440 3631 1466 3671 a

303 3697 455 3762 abundat.
506 3697 630 3776 Tentus,
654 3716 845 3778 quamquam
867 3697 956 3762 leand
976 3699 1181 3779 spernendus,
1213 3696 1338 3762 lacunis
1361 3697 1421 3760 late

304 3889 331 3956 1)
352 3887 594 3940 Praetermittendu
611 3889 690 3940 duait
707 3889 901 3955 hropmentum
917 3887 1104 3952 Londim'ense,
1123 3887 1290 3954 Frapmentu
1304 3888 1421 3940 Werthr'-

302 3961 413 4025 nansia,
443 3959 523 4010 Gesta
551 3960 678 4010 ahbatum
704 3959 948 4012 Fontanellenslum
978 3975 1077 4010 rreonon
1107 3959 1233 4010 Chronr'oi
1258 3960 1422 4011 rhutenensis

302 4046 370 4098 quoe
395 4030 431 4080 ad
456 4046 481 4083 a.
502 4032 655 4086 iss-756.
680 4037 807 4096 spectonn.
896 4031 925 4100 2)
950 4031 1094 4097 Inscripsit
1114 4031 1162 4081 ‘De
1179 4030 1278 4096 Pc'pr'no
1297 4031 1422 4096 Ansepisr‘

302 4101 335 4156 F.
357 4100 534 4152 Orientalium
552 4102 723 4153 Francorum
745 4103 875 4169 principe,
900 4107 924 4152 et
942 4103 1139 4153 Mor‘orcdomus
1156 4104 1235 4168 repul
1251 4102 1419 4167 Austrasr'ae,
1439 4117 1466 4155 ιο

302 4179 468 4239 oopnomento
487 4174 573 4224 Breui
589 4174 665 4240 [sic],
686 4175 868 4237 frupmentum
887 4174 1012 4238 insipne'.
1098 4175 1125 4239 3)
1151 4172 1212 4224 Non
1234 4188 1301 4223 saec.
1320 4173 1371 4237 XI,
1391 4179 1420 4223 nt

304 4246 334 4295 in
355 4245 476 4310 catalopo
500 4245 670 4310 (‘Catatopne
695 4245 727 4307 of
743 4245 927 4310 Mannscrrpts
952 4246 980 4294 in
1005 4243 1047 4294 the
1066 4243 1173 4294 British
1190 4243 1320 4298 Muscum.
1358 4245 1420 4295 Nero

304 4315 412 4371 Series'.
444 4315 541 4370 Voll.
574 4317 643 4368 ‘The
655 4316 777 4368 Arundel
792 4313 1001 4381 Manusoripts’.
1033 4315 1117 4381 1834)
1131 4332 1161 4382 p.
1180 4317 1238 4372 110.
1257 4321 1281 4366 ct
1299 4315 1419 4366 ‘Archiv'

307 4386 388 4454 VIII,
402 4403 432 4458 p.
447 4390 506 4442 759.
522 4388 685 4455 perhibetur.
