3322 4880
348 381 382 436 16
524 375 706 431 ANNALES
724 375 950 432 Murransns
968 375 1142 434 PRIORES.
1172 377 1208 430 A.
1226 380 1288 434 693.

348 561 425 624 Illis
448 559 587 644 quidem
610 559 751 624 nomina
773 578 893 642 regum
916 559 1106 642 imponens,
1136 559 1210 644 ipse
1234 559 1344 624 totius
1366 561 1465 644 regni

348 651 479 714 habens
503 647 703 733 privilegia*
732 669 809 712 cum
840 669 973 711 summa
996 648 1107 731 gloria
1130 652 1165 712 et
1189 649 1318 714 honore
1341 653 1465 714 tracta-

348 740 408 803 bat
420 738 442 800 1.
489 737 702 802 Labentibus
725 738 843 820 itaque
867 757 1035 801 annorum
1059 737 1239 802 curriculis
1250 738 1271 815 ²,
1301 738 1464 802 subiectis

348 828 554 910 domitisque
569 826 692 890 ricinis
708 826 907 890 nationibus
917 827 938 902 ³,
964 826 1171 890 Francorum
1191 827 1373 910 imperium
1390 827 1465 910 Pip-

180 941 284 990 saon.
292 942 336 982 sc.
347 917 450 1001 pinus
473 916 617 980 mirifico
641 915 761 980 ordine
781 914 996 998 disponebat.
1035 921 1137 996 Igitur
1152 921 1331 996 Drogonem
1353 923 1498 996 primo-s

347 1013 492 1086 genitum
517 1027 611 1067 suum
641 1010 755 1067 ducem
785 1011 891 1084 posuit
920 997 1273 1088 Burgundionum-⁴,
1303 1003 1466 1070 tradens⁶

347 1094 414 1158 sibi
443 1113 583 1158 uxorem
608 1091 883 1168 Austrudem⁰·⁶‚
915 1093 1020 1156 filiam
1040 1088 1261 1157 Waratonis‘¹
1292 1094 1465 1177 quondam

347 1183 494 1246 illustris
507 1182 644 1245 maioris
658 1182 789 1258 domus,
803 1181 1003 1246 derelictam
1017 1181 1165 1246 Beriarii
1178 1181 1197 1256 ⁷,
1211 1183 1271 1266 qui
1283 1183 1326 1248 de
1338 1182 1465 1247 Textri-

348 1273 462 1336 ciacoe
479 1270 598 1355 prelia,
615 1273 656 1333 ut
672 1271 828 1354 superius
844 1270 1026 1334 retulimus
1036 1271 1057 1347 ⁸,
1074 1271 1260 1354 aufugerat
1275 1291 1338 1335 neo
1355 1270 1465 1334 multo

348 1364 426 1445 post
447 1361 467 1424 b
486 1359 556 1424 suis
575 1359 805 1424 interfectus9
821 1359 1011 1424 interierat.
1044 1359 1141 1424 Haec
1158 1359 1313 1442 Drogoni
1332 1359 1466 1444 peperit
1485 1383 1512 1422 ιο

178 1474 281 1520 enarr.
291 1474 336 1516 ss.
348 1449 467 1523 filium,
485 1468 586 1532 quem
602 1449 738 1513 vocavit
750 1447 935 1532 Hugonem
947 1447 983 1510 ¹⁰.
1008 1447 1112 1513 Hunc
1128 1448 1290 1532 religiosa
1305 1453 1340 1513 et
1355 1464 1466 1514 strenua

347 1548 655 1615 mauonannsfledisu
674 1537 772 1601 ariag
793 1558 864 1612 sua,
888 1529 1031 1601 relictah
1055 1537 1223 1619 siquidem
1232 1530 1464 1614 waratonisi,

348 1627 391 1690 ad
422 1627 645 1690 nutriendum
677 1629 884 1709 susceperat.
932 1625 1029 1690 Haec
1058 1627 1167 1709 igitur
1197 1627 1402 1710 prudentiae
1430 1630 1465 1690 ct

347 1716 488 1799 provide
518 1715 709 1779 industriae
739 1715 863 1799 spiritu
893 1714 996 1797 plena
1025 1709 1200 1778 animumk
1227 1715 1324 1799 pueri
1353 1715 1466 1780 fertur

348 1805 530 1868 cotidianis
560 1803 853 1868 admonitionibus
884 1797 1186 1881 corroborasse¹·*,
1217 1808 1257 1867 ut
1287 1824 1360 1868 sese
1387 1825 1464 1868 cum
1485 1826 1512 1867 re

348 1892 506 1956 omnibus
530 1913 617 1976 quae
641 1893 793 1956 habebat
809 1892 875 1956 Dei
898 1892 1037 1956 servitio
1061 1892 1274 1976 manciparet
1284 1892 1320 1954 ¹1.
1365 1893 1465 1956 Unde

347 1982 480 2046 factum
516 1987 582 2058 est,
618 1986 658 2045 ut
695 2002 868 2046 sacrarum
903 1981 1099 2044 litterarum
1137 1981 1252 2046 studio
1286 1981 1466 2046 imbutusm

460 2155 486 2220 *)
508 2153 630 2207 animum
648 2153 728 2222 pueri
747 2153 902 2206 cottidianis
920 2153 1161 2206 ammonitionibus
1173 2153 1387 2208 corroborabat
1406 2154 1464 2209 Β1.

347 2345 369 2390 a)
387 2343 633 2390 summonuistis
650 2345 797 2391 compilatoris
815 2345 889 2392 vitio);
907 2344 1048 2392 priuilegium
1064 2344 1117 2392 B1;
1136 2345 1207 2384 tocius
1226 2345 1291 2394 regni
1310 2346 1393 2384 abenas
1411 2345 1464 2384 Gen.

347 2397 420 2444 Dap.,·
437 2396 465 2444 cs.
480 2397 514 2436 ‘N.
530 2393 622 2435 Archic'
638 2397 651 2438 l.
666 2397 680 2439 t.
748 2397 770 2448 b)
789 2398 820 2435 ita
839 2398 902 2434 etiam
918 2397 1000 2438 Vedast.
1070 2398 1090 2448 c)
1108 2399 1141 2436 sic
1155 2397 1251 2444 Vedast.;
1266 2396 1396 2437 austrudem
1410 2400 1463 2448 ΑΗ
1484 2397 1512 2436 20

347 2451 477 2489 austrudem
492 2461 547 2488 corr.
562 2448 692 2489 anstrudem
706 2451 759 2499 315
776 2451 804 2496 cf.
821 2451 883 2488 Perta
896 2451 945 2496 (SS.
961 2451 982 2500 1,
993 2462 1017 2499 p.
1028 2451 1102 2499 3216).
1158 2449 1181 2503 d)
1196 2453 1336 2491 uuarattonis
1351 2453 1399 2494 Bl.
1413 2452 1434 2490 b.
1450 2453 1465 2494 l.

347 2504 368 2554 e)
383 2504 413 2541 sto
427 2504 480 2553 B1;
496 2504 600 2542 tixtriaco
614 2504 663 2544 ,11,
728 2504 745 2554 1)
760 2503 870 2543 ansiredis
884 2503 932 2546 Bl.
996 2506 1019 2553 g)
1034 2502 1047 2542 b
1061 2506 1099 2543 uia
1112 2505 1162 2545 Al.
1227 2505 1250 2554 h)
1265 2506 1373 2544 derelicta
1386 2506 1465 2552 Font.;

347 2567 405 2594 uxor
419 2557 469 2595 adai.
485 2556 533 2596 131.
595 2556 612 2608 1)
626 2558 760 2596 warratonis
775 2557 796 2596 b.
812 2558 827 2596 l.
842 2557 892 2598 11.
954 2557 977 2606 k)
997 2558 1095 2597 animum
1111 2558 1143 2596 bis
1156 2569 1197 2599 scr.
1213 2559 1262 2597 Al.
1325 2560 1341 2609 l)
1355 2560 1387 2597 ita
1400 2559 1465 2597 ctiam

347 2609 409 2652 Font.
464 2610 493 2660 m)
508 2610 599 2648 inbutus
612 2611 661 2649 1³1.

349 2783 375 2848 1)
398 2781 484 2833 Verba
506 2783 589 2845 fontis
607 2788 762 2832 nostrorum
780 2782 900 2844 fuerint:
919 2781 1002 2832 totius
1020 2780 1100 2849 regni
1118 2781 1238 2834 habenas
1257 2798 1319 2833 oum
1337 2787 1382 2836 etc.
1420 2780 1463 2845 Cf.
1484 2795 1511 2834 at

347 2855 427 2917 infra
439 2855 500 2917 714,
515 2869 544 2918 p.
558 2854 602 2917 20,
619 2853 634 2906 t.
648 2854 680 2906 4:
699 2851 770 2903 tanti
782 2851 860 2920 regni
873 2851 992 2904 habenas
1005 2855 1123 2904 tractare
1135 2853 1318 2920 presumebat.
1379 2854 1407 2920 2)
1421 2852 1463 2915 of.

347 2926 427 2988 infra
446 2926 512 2978 731:
538 2921 634 2990 Lapsis
652 2922 803 2976 identidem
822 2921 964 2974 curriculis
983 2940 1117 2976 annorum
1136 2941 1191 2978 sex.
1275 2925 1303 2991 3)
1326 2923 1366 2989 Of.
1385 2923 1465 2986 infru

348 3012 373 3048 a.
393 2997 453 3050 697.
474 2997 533 3049 714.
554 2997 613 3049 740.
634 2996 685 3048 741
704 2995 780 3060 (bis).
801 2996 867 3060 7863
886 2995 1000 3046 Bennett
1018 2996 1034 3048 t.
1055 2995 1072 3048 l.
1087 3013 1116 3062 p.
1132 2998 1192 3059 170,
1207 3012 1233 3048 n.
1248 2998 1272 3050 6.
1351 2994 1381 3062 4)
1399 2994 1465 3045 Item

347 3070 377 3118 in
403 3066 561 3134 quibusdam
586 3067 773 3118 donationibus
797 3067 910 3131 spuriis,
936 3081 1003 3131 quae
1027 3067 1146 3118 ocotmioe
1170 3083 1191 3120 s.
1214 3066 1324 3130 Arnulfi
1343 3066 1466 3118 Mettensi

349 3154 480 3191 contemne
494 3137 678 3203 perhibentur,
698 3135 875 3188 Mrtblbaeber
893 3137 909 3190 t.
929 3137 946 3189 i.
966 3153 1009 3190 nr.
1029 3140 1071 3191 22.
1091 3140 1136 3202 23,
1154 3138 1247 3203 Dropo
1265 3139 1371 3204 eiusque
1391 3137 1465 3201 filiios
1484 3150 1509 3190 eo

347 3211 487 3274 arnulfus
510 3209 568 3259 dua
593 3209 819 3273 Burgundionum
843 3210 909 3272 (sive
933 3208 1160 3274 Burpundionum
1185 3209 1256 3268 duc)
1285 3209 1463 3276 appellantur.

347 3281 387 3333 Re
404 3297 468 3333 cora
486 3281 578 3345 Dropo
602 3280 726 3332 ducatum
746 3276 912 3346 Campaniae
936 3283 1033 3346 occepit
1057 3279 1129 3344 (Inb.
1148 3279 1277 3332 historiae
1295 3277 1464 3331 Francorum

347 3355 396 3419 483
411 3353 482 3405 Cant.
495 3350 605 3416 Fredep.
620 3353 654 3413 6,·
670 3353 703 3415 cf.
720 3349 808 3402 Waita
822 3350 903 3404 ‘Ver
916 3352 954 3404 ed.
969 3353 992 3404 3.
1009 3350 1050 3417 ΙΙ,
1064 3353 1089 3417 2,
1103 3367 1132 3416 p.
1143 3353 1186 3416 66,
1200 3367 1227 3404 n.
1239 3353 1275 3416 1).
1338 3349 1364 3419 6)
1380 3349 1464 3402 Verba

347 3422 457 3475 tradens
475 3453 509 3461 —
530 3451 561 3460 -—
583 3421 711 3473 anhelare
724 3437 828 3488 porum
846 3428 907 3488 apte
925 3424 1028 3474 inserta
1046 3438 1099 3474 esse
1111 3427 1195 3490 pretet,
1219 3437 1278 3472 oum
1299 3423 1465 3488 insequentia

349 3492 510 3561 (Remorum
529 3492 633 3545 scilicet
644 3523 679 3530 —
691 3523 726 3530 —-
738 3491 942 3559 pertinentium,
959 3511 987 3560 p.
1001 3495 1044 3558 17,
1059 3494 1076 3546 i.
1089 3496 1113 3547 4.
1134 3495 1161 3559 6)
1180 3509 1238 3544 oum
1257 3492 1465 3545 antecedentibus
1483 3505 1509 3545 ut

347 3567 438 3617 intime
450 3565 613 3629 cohaereant,
621 3578 667 3615 neo
678 3563 788 3614 dubium
796 3565 927 3629 rideatur,
937 3566 1003 3630 puin
1012 3566 1129 3616 ciuitates
1135 3565 1278 3617 Remorum
1284 3565 1465 3630 Senonumque

348 3636 385 3686 ad
395 3636 520 3687 ducatum
530 3635 694 3702 Campaniae
701 3635 863 3700 pertinentes
871 3635 995 3700 Droponi
1006 3638 1160 3688 commissae
1171 3637 1282 3700 fuerint.
1340 3637 1367 3702 6)
1379 3633 1464 3687 Adal-

348 3705 435 3758 trudis
461 3708 539 3758 audit
565 3709 594 3758 in
620 3707 690 3760 Gest.
710 3705 767 3758 abb.
788 3706 903 3759 Fontan.
923 3723 943 3759 o.
964 3708 990 3771 8,
1016 3707 1064 3760 SS.
1083 3723 1107 3761 r.
1129 3708 1160 3760 G.
1182 3723 1211 3772 p.
1232 3707 1274 3761 26.
1367 3708 1393 3772 7)
1421 3706 1463 3768 ef.

348 3779 469 3829 obortum
496 3778 655 3830 Cititdeberti
672 3777 724 3828 III
743 3775 933 3841 (Miibiboober
957 3794 999 3830 ur.
1021 3780 1101 3844 22³),
1127 3778 1174 3829 ubi
1197 3785 1285 3829 tamen
1310 3779 1464 3842 Bacurius,

348 3851 397 3916 qui
412 3851 468 3916 ipse
486 3865 566 3913 ponar
584 3849 753 3899 Warottonis
771 3855 794 3899 et
811 3849 949 3912 Anssiedis
968 3854 1025 3899 erat
1043 3849 1129 3914 (Cont.
1147 3849 1257 3915 Fredep.
1283 3864 1304 3902 e.
1324 3851 1366 3904 99.
1394 3849 1464 3915 160),
1482 3862 1510 3901 40

347 3921 485 3986 Drepanis
503 3935 576 3971 socer
594 3921 701 3984 dicitur,
719 3926 743 3970 et
760 3934 792 3969 ea
810 3934 878 3985 quoe
895 3919 1010 3988 Pitcbert
1028 3920 1046 3974 t.
1064 3921 1081 3972 i.
1099 3936 1128 3986 p.
1144 3921 1203 3986 146,
1218 3936 1244 3973 n,
1258 3923 1300 3974 31.
1319 3921 1463 3972 annotarit.

345 3992 375 4057 8)
397 3992 437 4056 Cf.
456 4006 544 4057 supra
558 4007 587 4056 p.
602 3993 644 4056 11,
663 3991 679 4044 l.
693 3993 735 4045 28.
755 3992 807 4051 29,·
825 3991 906 4052 infra
925 4006 949 4043 a.
965 3992 1031 4044 763:
1050 3993 1082 4042 ut
1098 3989 1220 4058 superius
1237 3990 1393 4058 retulimus3
1412 3992 1465 4045 804

349 4062 488 4132 (utsupra
507 4059 648 4128 diximus);
668 4063 720 4116 779
737 4063 779 4128 (ut
797 4059 937 4128 diximus),
955 4063 1014 4120 786.
1034 4064 1094 4116 801.
1169 4063 1198 4121 9)
1218 4061 1260 4127 Of.
1278 4061 1394 4114 Psiokert
1412 4061 1429 4114 t.
1446 4061 1463 4113 l.

348 4137 392 4202 10)
413 4134 465 4196 Qui
479 4139 572 4200 postea
589 4133 846 4199 archiepiscopatum
857 4132 1081 4198 Rotomapensem,
1096 4135 1274 4199 maturatum
1285 4133 1464 4184 Parisiensem

348 4213 371 4257 et
400 4204 619 4268 Baiocassinum,
653 4204 803 4256 coenobium
832 4203 1031 4256 Fontaneltense
1060 4209 1083 4256 ct
1116 4202 1313 4256 Gemmetiocnse
1343 4204 1463 4256 obtinuit.
1482 4217 1508 4256 ro

347 4277 463 4328 Decessit
490 4292 514 4328 a.
536 4277 595 4330 730.
687 4276 731 4342 11)
761 4275 802 4338 Of.
829 4275 908 4338 infra
933 4290 958 4328 a.
979 4276 1038 4329 744.
1059 4277 1126 4329 746:
1151 4273 1202 4326 Dei
1224 4274 1418 4342 omnipotentis
1436 4289 1464 4325 se

347 4345 456 4400 servitio
475 4345 640 4413 mancipare.
