3322 4880
681 399 911 456 PRAEFATIO.
1272 399 1360 454 XVII

238 586 346 649 eadem
370 590 539 649 occurrunt
564 582 735 663 manifesto
756 581 825 647 iam
847 581 983 663 scriptor
1005 581 1108 661 huius,
1137 584 1221 664 quoi
1246 589 1356 664 eustat,

239 672 352 754 operis,
387 678 417 737 et
449 671 515 754 inse
543 673 633 736 nomo
663 671 779 736 hebetis
807 670 940 752 inuenti,
971 669 1133 752 commisit,
1163 670 1211 736 ita
1239 677 1275 735 ut
1306 670 1358 736 taio

238 783 346 827 ueram
370 760 529 827 tectionem
552 760 697 826 indicare
719 759 854 841 quidem,
879 759 1041 824 restituere
1064 780 1129 824 non
1152 759 1267 825 liceret.

344 851 390 916 In
412 849 504 930 notis,
528 870 609 931 quas
624 848 745 929 addicti,
769 848 806 912 iet
819 847 957 914 monime
972 847 1053 912 mihi
1068 850 1223 930 ayenotmn
1239 849 1356 931 comui,

205 945 287 1020 sut,
318 945 472 1020 quatenus
501 938 674 1004 annalibus
708 937 826 1002 nostris
859 938 940 1016 [ides
973 936 1169 1015 adhibendo,
1204 943 1358 1017 quatenus

237 1030 386 1110 uenando
415 1027 466 1108 sit,
502 1027 731 1108 discernerem
754 1031 925 1108 praetereo
954 1047 1020 1090 non
1045 1046 1154 1108 pauca
1183 1026 1220 1090 de
1250 1046 1357 1090 eorum

237 1137 378 1182 sermone
408 1115 526 1199 cotteyi.
578 1117 689 1198 Quoad
711 1121 823 1197 portes
853 1135 892 1179 eu
919 1112 1218 1180 Continuationibus
1241 1115 1357 1179 Frede-

235 1205 324 1286 9urii
353 1204 418 1270 siue
441 1204 626 1270 Annalibus
655 1225 764 1286 renum
786 1205 991 1268 Francorum
1019 1208 1181 1284 coemptas
1209 1223 1247 1267 ea
1276 1223 1357 1284 quae

236 1294 278 1359 B.
293 1293 423 1359 Krusctc
438 1300 467 1359 et
478 1295 520 1359 F.
534 1294 646 1359 Kurra
661 1294 733 1358 VV.
749 1291 807 1358 cu.
824 1291 861 1357 in
876 1291 1067 1357 editionibus
1083 1293 1127 1356 ad
1141 1291 1273 1356 nomina
1281 1313 1356 1376 per·

192 1412 218 1450 ιο
237 1404 388 1448 sonarum
411 1403 450 1448 ac
473 1383 610 1448 iocorum
632 1382 829 1446 ittustrancta
852 1381 1026 1446 attatuunt
1047 1382 1084 1446 ob
1108 1379 1355 1445 commoditatem

237 1471 360 1537 lectoris
382 1472 562 1551 transferre
584 1493 650 1536 non
672 1471 882 1552 iuconaruum
904 1491 961 1534 nec
983 1469 1131 1534 illicitum
1146 1469 1271 1551 putaui.

343 1562 419 1625 Iam
447 1580 520 1624 uero
548 1566 656 1640 restat,
691 1565 727 1624 ut
754 1558 837 1623 uiris
871 1557 1062 1624 clarissimis
1095 1565 1124 1623 ct
1153 1557 1352 1639 doctissimis,

236 1647 351 1730 quiin
373 1649 431 1713 tcoc
453 1649 599 1730 opusculo
622 1649 739 1714 edendo
762 1647 893 1712 consitio
916 1654 946 1712 et
967 1668 1022 1729 ope
1051 1645 1276 1729 beuianissime
1306 1668 1355 1711 me

236 1736 435 1818 adiuverunt,
458 1737 554 1801 immo
576 1758 728 1820 maenam
744 1744 872 1818 partem
894 1757 1007 1818 operae
1030 1741 1240 1817 susceperunt,
1260 1755 1356 1816 prac-

191 1852 217 1892 15
236 1825 325 1906 armoe
352 1826 498 1891 Osuatdo
521 1826 787 1909 Homer-anm,
811 1825 867 1907 qui
891 1825 1043 1908 placatas
1065 1845 1185 1906 quoque
1208 1822 1353 1904 correuit,

235 1919 301 1978 tum
339 1915 384 1978 K.
424 1915 466 1978 A.
506 1915 599 1980 Kehr
637 1917 665 1980 b.
703 1937 762 1995 m,
801 1915 852 1978 M.
892 1915 1077 1994 Krammer,
1116 1913 1167 1979 W.
1207 1912 1353 1993 Leuison,

234 2003 278 2067 B.
303 2003 507 2084 Sanmnitium
532 2003 588 2085 qui
610 2003 747 2068 iudicem
770 2023 888 2084 quoque
915 2002 1076 2084 adiunuit,
1106 2001 1232 2084 oratius
1261 2021 1355 2084 coam

234 2112 402 2157 mammos.

341 2180 470 2246 Dabam
496 2178 654 2262 Friburqi
676 2178 923 2262 Brisiaooorum
953 2202 984 2245 a.
1009 2181 1040 2244 d.
1065 2179 1131 2245 IV.
1157 2179 1243 2243 Non.
1268 2178 1354 2260 Aua.

188 2292 216 2331 20
235 2292 266 2334 a.
290 2268 533 2337 Mooocor.

895 2374 938 2439 Β.
962 2373 1032 2438 DE
1053 2372 1245 2438 SIMSON.
