3322 4880
329 417 365 472 20
507 410 687 467 ANNAIAES
705 409 930 466 Mnr'rnnsns
948 408 1120 467 PRIORES.
1151 409 1186 466 Δ.
1202 414 1263 468 714.

331 596 472 669 etenim,
509 589 752 660 Grimoaldi*·⁸
785 593 947 676 genitrix,
983 593 1065 656 dum
1095 594 1214 678 nepoti
1244 613 1305 658 suo
1335 592 1442 657 Theo·

331 685 434 750 daldo
468 685 583 748 favere
618 683 807 760 desiderat,
842 675 1024 746 Carolumb
1058 683 1079 745 a
1112 682 1267 766 legitima
1305 683 1440 765 paterni

245 797 276 845 *a
286 798 319 840 m
330 774 464 858 imperii
494 772 741 856 gubernatione
772 770 986 854 prohibebat,
1020 769 1126 855 'ipsa0
1159 791 1236 835 cum
1266 771 1441 834 infantulo

194 861 490 930 c.rr.0.s.muliebri
514 860 656 926 consilio
679 867 760 924 tanti
784 866 872 941 regni
893 865 1034 923 habenas
1057 869 1191 924 tractare
1207 866 1408 942 presumebat
1418 859 1438 922 ¹.

330 951 431 1031 Quod
469 951 551 1015 dum
597 949 769 1014 crudelius
807 968 909 1030 quam
954 951 1129 1031 oporteret
1167 953 1245 1013 astu
1289 948 1475 1012 femineos

331 1041 509 1126 disponere
534 1032 764 1114 decreveratl,
795 1037 880 1100 iram
904 1037 1137 1101 Niwistrium⁰
1166 1037 1374 1101 Francorum
1403 1037 1438 1099 in

330 1129 465 1212 nepotis
503 1128 556 1191 sui
594 1127 772 1191 interitum
808 1127 843 1190 et
877 1125 1070 1210 principum
1104 1126 1163 1210 qui
1197 1147 1275 1191 cum
1310 1147 1349 1190 eo
1388 1145 1439 1190 ex-

259 1226 319 1280 715.
330 1209 547 1282 stiterantf·2
570 1215 727 1280 celeriter
750 1214 929 1278 convertit.
976 1212 1066 1292 Quis
1091 1221 1124 1277 in
1150 1221 1321 1278 exercitum
1343 1219 1439 1277 Theo-

331 1313 416 1370 daldi
434 1317 463 1370 in
476 1315 554 1370 (totis
572 1315 658 1370 silva³
676 1303 857 1386 repentino
872 1303 1004 1385 impetu
1020 1296 1196 1366 irruentesh
1212 1310 1288 1367 cede
1303 1309 1440 1366 maxima

329 1401 537 1458 noctuarum.
580 1402 770 1458 rhaeorum
800 1412 877 1456 cum
901 1391 1019 1476 paucis
1042 1393 1098 1455 vix
1121 1404 1214 1460 aaa
1257 1386 1346 1471 Quik
1371 1411 1441 1454 non
1460 1415 1488 1453 ιο

331 1483 440 1547 multo
471 1485 548 1567 post
577 1484 730 1565 tempore
757 1480 863 1544 vitam
894 1481 1113 1545 innocentem
1143 1480 1255 1544 finivit
1264 1481 1287 1543 ⁴.
1334 1478 1440 1544 Cuius

330 1573 366 1635 in
399 1571 512 1635 locum
544 1563 779 1651 Raginfridum¹
816 1576 966 1632 maiorem
1001 1575 1113 1632 domus
1148 1569 1210 1634 sub
1241 1568 1440 1653 Dagobcrto

329 1681 410 1744 rege
433 1666 640 1723 constituunt.
687 1657 782 1721 Tunc
810 1678 893 1742 gens
923 1658 985 1720 illa
1014 1659 1166 1722 omnium
1197 1658 1440 1722 beneficiorum

330 1748 472 1813 invicti⁵
495 1747 657 1832 principis
677 1746 839 1830 Pippinilu
855 1747 984 1830 pariter
1007 1746 1125 1824 oblita,
1149 1747 1186 1810 in
1201 1747 1436 1812 Austrasiamn

330 1841 405 1902 bobo
420 1837 551 1921 impetu
568 1838 799 1920 properantes,
819 1864 903 1914 usque
922 1845 962 1900 ad
981 1846 1088 1900 Mosam
1105 1846 1220 1901 fluvium
1238 1845 1338 1899 totam
1353 1842 1440 1898 illam
1460 1857 1488 1898 15

330 1933 487 2007 regionem
523 1939 745 1991 vastaverunt.
799 1934 890 1988 Fedus
926 1951 1066 2003 quoque
1102 1953 1164 1988 oum
1200 1935 1335 1990 Radbodo
1372 1935 1441 1989 duce

330 2025 536 2080 Frisionum
555 2016 674 2077 contra
694 2007 907 2096 Pippinios**
925 2024 1025 2092 pacti
1046 2029 1135 2080 sunt.
1174 2011 1241 2077 Sed
1261 2012 1439 2089 Dominus,

250 2100 385 2184 canoni
408 2103 463 2165 cat
485 2108 514 2165 et
535 2121 600 2165 non
626 2099 817 2181 improperat
826 2101 847 2181 ⁶,
879 2093 1061 2164 Carolumb
1089 2101 1132 2166 de
1161 2101 1294 2164 insidiis
1325 2121 1441 2164 nover-

331 2190 483 2255 calibusl
518 2210 655 2266 eruens,
691 2189 804 2273 palam
840 2209 918 2253 eum
953 2189 1207 2273 trepidantibus
1241 2189 1441 2274 populism·8

330 2279 551 2344 manifestum
575 2279 746 2363 produxit.
792 2278 888 2342 Tunc
917 2277 1027 2342 veluti
1056 2299 1132 2342 oum
1164 2279 1215 2342 sol
1245 2277 1435 2362 preclaros⁰
1458 2302 1488 2340 ro

329 2369 442 2433 radios
466 2368 628 2452 eclipsinl'
653 2368 696 2430 ad
722 2367 891 2432 modicum
915 2371 1054 2450 passusq
1075 2371 1199 2431 cuncto
1223 2367 1331 2432 exerit
1354 2366 1437 2444 orbi,

330 2457 377 2521 sic
399 2457 537 2541 Pippini
553 2455 702 2521 Karolus
726 2456 944 2538 dignissimus
968 2455 1112 2520 haeres⁹
1135 2455 1379 2540 languentibus
1404 2459 1440 2520 et

330 2566 416 2628 pene
455 2545 714 2629 desperantibus
753 2545 795 2608 de
833 2544 944 2609 salute
983 2543 1118 2628 populis
1158 2544 1435 2608 robustissimusr

330 2635 489 2698 defensor
526 2633 651 2696 illuxit.
721 2632 767 2696 Ut
805 2637 920 2696 autem
966 2636 1083 2716 aperte
1122 2633 1300 2698 cunctanti
1346 2633 1439 2716 plebi

330 2722 523 2805 apparuit⁸,
557 2725 657 2785 tanto
689 2721 806 2786 favore
837 2724 1003 2804 tantaque
1032 2721 1264 2805 gratulatione
1294 2722 1337 2786 ab
1369 2721 1439 2784 uni·
1458 2743 1487 2783 rs

216 2927 319 2970 ssuaa
442 2911 468 2979 *)
491 2909 576 2966 (irim.
603 2928 664 2980 gen.
687 2913 783 2964 omaso
809 2912 871 2964 cdd.
897 2912 922 2962 B
935 2913 965 2965 1:
991 2910 1087 2964 relicta
1104 2909 1214 2979 Pippini
1239 2910 1322 2964 vidua
1346 2910 1438 2964 incon-

487 2981 603 3050 parabili
621 2981 684 3035 odio
698 2985 792 3035 contra
804 2979 938 3034 Karolum
956 2997 1085 3034 succensa
1097 2981 1219 3036 custodia
1232 2999 1294 3034 eum
1306 2982 1432 3050 puplicat

490 3053 627 3106 observari
645 3053 727 3108 iubet.
758 3051 840 3106 Unde
857 3052 904 3105 ille
922 3051 1014 3105 divino
1033 3051 1135 3106 auxilio
1153 3053 1283 3106 liberatus
1296 3059 1344 3106 est.
1374 3051 1438 3120 Ipsa

487 3140 552 3177 vero
570 3122 729 3178 Plectrudis.

424 3195 466 3263 **)
489 3197 583 3248 contra
601 3193 736 3248 Karolum
755 3195 814 3248 Bl.
1456 3211 1486 3250 ao

328 3392 349 3444 a)
369 3391 493 3432 Grimnaldl
511 3390 560 3431 At.
638 3387 660 3439 b)
679 3389 786 3428 Karolum
803 3390 853 3429 Bl.
929 3388 950 3440 o)
971 3390 1075 3439 ipsaque
1094 3391 1143 3430 Β1.
1221 3391 1243 3442 d)
1262 3391 1370 3430 creuisset
1387 3390 1436 3428 131.

328 3445 349 3496 c)
370 3445 492 3484 Niustrium
511 3444 532 3483 B
548 3444 567 3483 1.
649 3444 667 3490 f)
689 3448 754 3482 erant
774 3444 864 3493 (nacto,
888 3455 916 3482 an
939 3445 1026 3492 rectius)
1048 3444 1092 3482 Bl
1115 3444 1152 3491 (cf.
1174 3445 1237 3483 otiam
1260 3445 1321 3491 infra
1341 3455 1361 3482 a.
1379 3443 1437 3490 805).

327 3501 349 3547 g)
364 3497 453 3548 Super
472 3507 546 3539 exerc.
567 3497 636 3536 enim
652 3496 700 3536 Bl.
764 3497 787 3544 h)
802 3497 916 3536 inruentes
931 3497 980 3536 Β1.
1041 3497 1057 3548 1)
1072 3507 1140 3537 vero
1159 3499 1209 3537 odd.
1224 3498 1272 3537 Β1.
1337 3496 1400 3546 1ης)ι
1414 3497 1437 3534 ui

327 3551 380 3600 (Qui
394 3551 432 3602 ui),
448 3552 520 3590 littera
534 3550 542 3588 l
556 3551 702 3598 superscripta
717 3559 779 3588 erasa
792 3561 848 3590 corr.
864 3549 907 3597 Qui
920 3550 968 3594 131.
1022 3551 1037 3599 l)
1052 3551 1212 3598 Ragnntrldum
1227 3552 1246 3589 A
1258 3553 1280 3600 13
1296 3549 1436 3588 Rsinlridum

328 3605 380 3643 Gen.
396 3604 453 3653 Dap.
516 3605 546 3654 m)
562 3603 667 3642 om.B1.
722 3603 865 3652 montesium
880 3605 929 3646 Al.
982 3603 1004 3654 o)
1019 3603 1093 3642 radios
1107 3605 1177 3652 precl.
1192 3604 1238 3642 Β1.
1293 3603 1316 3654 p)
1331 3602 1437 3652 ecclipsin
1456 3605 1484 3647 35

327 3658 376 3696 Bl.
449 3657 471 3709 q)
490 3668 567 3706 passos
585 3656 635 3696 Β1.
707 3656 727 3706 r)
746 3657 881 3696 robustimus
899 3667 964 3696 manu
982 3657 1110 3695 correctoris
1127 3667 1183 3698 corr.
1203 3657 1368 3696 robustissimus
1386 3656 1436 3695 Bl.

253 3710 255 3713 ’
327 3710 346 3762 s)
365 3711 453 3760 aparuit
472 3711 521 3750 Al.
588 3711 605 3759 t)
623 3710 655 3748 sic
673 3709 721 3749 Bl.

328 3879 354 3948 1)
374 3880 417 3944 Os.
438 3894 523 3946 supra
541 3895 570 3944 p.
591 3880 633 3943 16,
656 3893 683 3931 n.
704 3879 726 3932 1.
815 3875 842 3944 2)
862 3877 902 3942 Of.
926 3878 1004 3940 infra
1027 3893 1051 3931 o.
1070 3880 1137 3932 805:
1162 3880 1189 3930 et
1206 3876 1360 3945 principum
1381 3877 1437 3930 eius

327 3951 373 4016 qui
402 3951 464 4002 cum
491 3965 523 4002 eo
552 3952 637 4002 eraut.
729 3947 757 4018 3)
785 3949 836 4000 ‘Lo
863 3948 930 4012 foret
956 3949 987 3999 dc
1015 3947 1114 4013 Cuisc'‚
1142 3948 1218 4001 bodie
1246 3950 1282 4000 ‘la
1309 3949 1379 4014 foret
1406 3951 1437 4001 dc

327 4021 493 4088 Compiiqnc'
511 4020 590 4074 dicto.
671 4017 699 4089 4)
719 4021 762 4083 Cf.
781 4035 866 4084 aspra
887 4036 915 4085 p.
931 4021 972 4085 15,
991 4021 1008 4073 l.
1028 4022 1070 4073 24.
1106 4019 1177 4070 Num
1202 4020 1386 4072 lbatdooldua
1406 4036 1437 4072 re
1453 4033 1485 4072 40

326 4108 388 4145 ocra
409 4093 495 4159 poulo
515 4097 576 4158 post
596 4091 689 4142 obierit
708 4107 744 4142 on
769 4091 872 4142 diutius
896 4091 1000 4156 vixerit,
1027 4090 1151 4150 dubium
1175 4092 1210 4154 cf.
1229 4091 1318 4156 Porta,
1345 4092 1435 4157 sss,

323 4183 351 4232 p.
370 4165 435 4230 322,
461 4179 487 4217 n.
506 4164 556 4230 203
582 4162 757 4214 Mithlbacbcr
780 4178 823 4212 nr.
846 4161 912 4214 3010.
1018 4159 1046 4230 ὁ)
1073 4161 1114 4224 Cf.
1142 4177 1229 4227 snpra
1253 4179 1280 4229 p.
1305 4166 1334 4227 b,
1359 4179 1385 4216 n.
1411 4165 1435 4216 l.

326 4238 342 4290 6
379 4235 431 4287 Iac.
453 4237 477 4299 1,
496 4236 527 4289 5:
553 4231 654 4288 aDeo.
680 4233 727 4299 qui
751 4231 799 4284 dat
823 4231 948 4284 omnibus
973 4229 1116 4284 affluenter
1134 4236 1161 4284 et
1179 4249 1234 4284 non
1260 4233 1434 4301 improperat.

326 4311 341 4362 7
373 4307 413 4371 Cf.
431 4321 517 4372 supro
536 4321 565 4371 p.
586 4306 628 4370 19,
647 4304 663 4358 l.
683 4307 725 4358 22.
804 4301 831 4372 8)
851 4303 873 4356 Ι.
893 4318 913 4357 e.
932 4303 1083 4355 bominibus
1100 4305 1145 4368 (cs.
1164 4319 1249 4370 supin
1267 4321 1296 4371 p.
1316 4308 1341 4370 3,
1361 4305 1377 4358 l.
1397 4306 1433 4363 9).

326 4377 353 4446 9)
374 4379 413 4442 Cf.
432 4393 517 4445 supra
537 4393 565 4442 p.
587 4378 628 4438 19,
647 4392 674 4427 n.
694 4376 718 4429 6.
1453 4397 1484 4436 45
