3322 4880
322 389 383 445 XII
768 389 997 447 PRAEFATIO.

322 579 544 654 enaraoeruni,
562 574 662 655 plane
685 571 812 638 diuersa
835 573 1010 654 etquidem
1033 573 1205 655 antiquior.
1259 573 1349 640 Uncle
1372 595 1442 638 eum

250 734 253 740 ,
322 661 377 743 qui
400 662 477 727 leaeo
499 661 672 743 adscripsit
693 683 800 743 neque,
825 668 860 726 ut
883 684 936 744 eqo
955 662 1051 744 prius
1073 661 1182 742 cluui1,
1207 682 1245 726 en
1268 662 1441 728 annalibus

321 750 518 832 inmanibus,
557 752 666 832 quales
708 752 802 816 coelen
841 751 1065 816 Berolinensis
1104 750 1255 832 continet,
1297 750 1442 816 bausisse

321 859 428 920 neque,
459 846 494 904 ut
522 840 564 904 F.
592 841 726 905 Καναα2
756 839 941 920 autumavit,
972 841 1103 904 eunelem
1126 839 1181 921 qui
1207 860 1258 904 eos
1280 839 1443 921 scripserit

321 928 422 1007 fuisse
446 935 587 1010 apparet.
1459 953 1472 993 s

427 1017 585 1082 Fontibus
607 1017 753 1082 Annales
776 1017 948 1082 Mettenses
963 1017 1092 1099 priores
1108 1017 1281 1100 praecipue
1308 1015 1441 1082 Obram-

320 1127 430 1171 carum
454 1126 534 1187 quae
557 1106 707 1171 dicuntur
725 1105 918 1188 Frecleqarii
941 1106 1230 1171 continuationibus
1252 1113 1282 1170 et
1303 1107 1440 1171 Annali-

321 1196 378 1259 bus
400 1194 492 1276 requi
514 1195 741 1260 Francorum3
763 1201 905 1276 utuntur,
929 1194 997 1259 illis
1019 1194 1144 1276 quiclem
1170 1194 1273 1275 initio,
1304 1216 1377 1258 mou
1400 1197 1440 1260 ab

321 1305 351 1346 a.
393 1290 466 1348 742.
512 1304 610 1364 usque
655 1286 699 1348 ael
737 1290 811 1348 768.
851 1282 921 1363 (ubi
959 1283 1210 1348 continuationes
1247 1284 1440 1366 Fredeparii

321 1371 484 1456 desinunt)
520 1373 610 1436 morlo
644 1372 696 1437 ill'
746 1379 810 1436 tum
844 1372 910 1453 bis,
946 1373 1059 1437 cleinm
1092 1393 1189 1453 usque
1223 1374 1268 1436 acl
1300 1395 1330 1436 a.
1363 1380 1438 1437 829.
1459 1397 1484 1435 ιο

320 1461 507 1526 Annalibus
529 1461 621 1543 requi
636 1461 840 1526 Francorum
862 1461 975 1526 innisi.
1015 1462 1106 1526 Raro
1129 1461 1337 1526 inueniuntur
1359 1482 1439 1542 quae

313 1549 451 1631 propius
474 1553 518 1614 acl
539 1550 685 1614 Annales
708 1550 763 1631 qui
786 1549 936 1615 dicuntur
957 1549 1124 1615 Einbaroli
1151 1553 1310 1630 accedant,
1341 1571 1439 1631 neque

320 1638 395 1702 iucle
446 1639 628 1703 concluolere
673 1639 745 1704 licet
792 1639 976 1720 scriptorem
1021 1639 1116 1704 etiam
1159 1637 1335 1720 posteriore
1379 1639 1439 1704 illa

320 1726 500 1792 Annalium
522 1727 614 1809 requi
637 1729 840 1792 Francorum
869 1727 1048 1792 recensione
1077 1749 1169 1792 usum
1199 1749 1273 1792 esse.
1328 1727 1439 1792 Potius

321 1822 436 1880 statues
458 1817 540 1896 forte
570 1817 644 1880 olim
667 1817 837 1898 enemplum
865 1819 1022 1898 quoclelam
1044 1816 1208 1896 exstitisse,
1237 1817 1276 1881 ab
1300 1817 1483 1882 Annali-15

320 1906 377 1969 bus
410 1905 502 1986 requi
536 1907 740 1970 Francorum
770 1906 869 1986 paulo
903 1905 1070 1986 diuersum,
1096 1925 1165 1985 quo
1200 1927 1269 1970 cum
1304 1907 1349 1970 eis
1383 1906 1438 1987 qui

319 2001 489 2074 supersunt
521 2001 550 2058 et
583 1994 768 2059 Annalibus
805 2015 832 2076 q.
870 1997 900 2058 cl.
936 1994 1102 2060 Einleureli
1136 1993 1232 2059 etiam
1267 1995 1438 2059 Mettenses

320 2082 475 2148 nituntur.
523 2084 690 2165 Perpauca
714 2105 783 2148 cum
806 2083 991 2148 Annalibus
1014 2082 1202 2148 Petaoianis
1231 2084 1278 2148 nel
1301 2084 1438 2148 Lauros·

319 2171 520 2236 hamensibus
543 2171 741 2238 conueniunt.
781 2173 992 2254 Nequaquam
1014 2179 1119 2236 lamen
1142 2172 1251 2238 omnia
1266 2173 1438 2236 Mettenses

318 2259 386 2324 illis
419 2260 561 2340 fontibus
595 2263 719 2342 olebeul,
758 2261 853 2325 immo
887 2261 1033 2341 referunt
1069 2283 1201 2342 quoque,
1241 2281 1321 2341 quae
1358 2261 1438 2326 alibi
1456 2285 1482 2324 eo

319 2349 444 2428 frustra
467 2371 604 2430 quaeras
627 2357 655 2415 et
676 2353 760 2415 uncle
782 2349 847 2431 ipsi
869 2349 1061 2431 sumpserint
1089 2350 1254 2414 nescimus.
1302 2349 1437 2414 Librum

312 2437 530 2519 pontificalem
564 2439 763 2504 aolbibilum4
797 2460 861 2504 esse
895 2459 961 2503 non
991 2438 1204 2503 concesserim.
1258 2439 1369 2504 Etiam
1400 2441 1437 2503 cle

323 2525 480 2592 Obronieo
502 2527 558 2592 illo
581 2527 785 2609 Aquitanico,
809 2548 848 2592 ea
870 2549 930 2609 quo
954 2527 995 2590 R.
1013 2527 1125 2592 Dorr5
1141 2548 1263 2608 paucos
1285 2529 1437 2608 quosdam

319 2616 400 2680 locos
423 2616 617 2697 depromptos
639 2637 704 2681 esse
727 2623 836 2698 censet,
860 2617 944 2681 nibil
967 2616 1044 2682 certi
1068 2617 1238 2696 affirmare
1261 2616 1375 2680 ausim.

425 2705 539 2786 Retia,
578 2726 642 2786 qua
679 2705 815 2787 scriptor
852 2705 993 2784 fontibus
1030 2727 1106 2770 usus
1144 2712 1202 2786 est,
1244 2705 1437 2770 veliementer
1455 2728 1481 2768 es

318 2794 590 2874 reprehendenda,
625 2800 660 2858 ut
689 2815 829 2858 seuerum
859 2794 998 2875 quictem,
1034 2796 1089 2859 secl
1121 2794 1238 2860 iustum
1270 2793 1434 2874 iudicium,

318 2885 401 2962 quael
422 2883 468 2946 Η.
485 2883 526 2946 Ε.
543 2883 704 2948 Bonmll6
727 2884 764 2947 ele
780 2882 965 2947 Annalibus
980 2883 1190 2948 Mettensibus
1205 2881 1436 2964 posterioribus

317 2970 401 3052 fecit,
425 2970 550 3036 iamin
567 2971 696 3053 priores
719 2972 897 3051 transferre
920 2977 1067 3054 oporteat.
1121 2973 1331 3052 Hamilcare,
1356 2991 1436 3052 quae

319 3165 345 3229 1)
374 3163 540 3226 ‘Zeitselerift
565 3165 616 3227 fiir
639 3165 681 3214 elie
701 3163 792 3216 Gesclc.
818 3165 864 3214 oles
891 3163 1055 3216 Oberrleeins.
1093 3163 1128 3216 N.
1147 3163 1189 3218 F!
1208 3163 1260 3227 IX,
1285 3181 1311 3230 p.
1331 3164 1383 3217 219
1395 3177 1433 3228 sq.

318 3234 345 3302 2)
366 3235 410 3288 ‘N.
430 3233 543 3285 Arabio'
563 3235 703 3299 XXVIII,
721 3253 749 3302 p.
763 3237 805 3288 21.
843 3235 933 3286 Etiam
953 3236 1043 3285 miuus
1058 3234 1229 3300 probandum
1247 3235 1315 3286 mibi
1331 3234 1435 3284 ridetur
1453 3249 1480 3288 30

318 3307 347 3356 iel
364 3306 433 3372 quod
452 3305 546 3356 Kurzc
561 3308 712 3372 proposuit,
731 3306 801 3357 bunc
818 3309 975 3371 scriptorem
993 3307 1109 3368 fortasse
1127 3313 1267 3373 utramque
1292 3305 1434 3356 annalium

317 3379 491 3428 recensionem
526 3377 687 3430 adhibuisse.
796 3376 823 3446 3)
860 3378 900 3428 De
929 3379 1076 3428 recensione
1111 3377 1149 3428 rel
1177 3377 1208 3428 cle
1243 3377 1435 3428 recursionibus

318 3449 468 3499 Annalium
494 3451 572 3514 requi
596 3448 782 3512 Francorum,
808 3447 905 3514 quibus
931 3450 1020 3499 nostri
1045 3449 1208 3511 innitamur,
1236 3449 1434 3498 accuratissime

317 3517 353 3571 H.
372 3519 454 3570 Wibel
477 3521 505 3570 in
531 3520 600 3570 libro
619 3519 753 3584 ‘Beitreipe
771 3535 824 3570 eur
841 3519 939 3570 Kritilc
957 3521 1005 3572 aler
1022 3520 1143 3571 Annales
1160 3519 1247 3585 Requi
1264 3519 1434 3570 Francorum

317 3590 373 3640 uncl
391 3591 438 3642 cler
451 3591 570 3642 Annales
588 3607 612 3657 q.
625 3592 651 3643 cl.
664 3590 817 3641 Elabarcli'
835 3593 965 3657 inscripto
984 3591 1173 3656 (Arqenloroti
1189 3592 1270 3648 1902)
1285 3607 1314 3656 1).
1331 3591 1366 3643 22
1378 3605 1432 3654 sqq.
1453 3603 1478 3642 36

317 3663 453 3726 quaesiuit,
473 3678 636 3728 quamquam
654 3677 708 3712 non
727 3663 819 3712 omnia
838 3662 907 3712 mibi
922 3663 1050 3729 probasse
1067 3662 1182 3715 violetur.
1213 3662 1292 3712 Duas
1310 3661 1433 3726 caupilu-

317 3734 399 3782 tiones
417 3734 447 3782 in
466 3733 534 3784 libra
553 3739 644 3783 nostro
663 3733 814 3798 (liquescere
832 3733 885 3783 sibi
902 3737 976 3784 risus
993 3739 1037 3798 est,
1057 3749 1173 3798 quarum
1186 3734 1215 3783 in
1228 3733 1315 3783 alteru
1327 3731 1433 3782 diuusa

317 3804 467 3854 Annalium
492 3806 571 3868 requi
594 3803 763 3854 Francorum
788 3807 903 3855 recensio
927 3805 1050 3855 adbibita
1073 3807 1116 3857 sit.
1164 3803 1236 3854 Mihi
1258 3803 1361 3868 quibem
1386 3801 1433 3852 boc

316 3877 422 3924 tantum
450 3877 550 3926 certum
577 3875 689 3934 uidetur,
717 3875 816 3925 librum
845 3878 901 3925 eius
925 3877 1018 3926 classis
1042 3875 1206 3938 adhibitum,
1234 3890 1315 3941 quam
1340 3872 1433 3922 Kurze

316 3946 407 3996 littera
427 3945 589 4010 Osiqnauit,
608 3946 712 4010 qualem
730 3948 809 3996 etium
827 3949 983 4012 scriptorem
999 3947 1072 3998 Vitae
1083 3946 1236 3997 Hluelowtei
1252 3945 1431 4012 imperatoris,
1451 3959 1478 3997 40

316 4032 391 4081 quem
416 4017 607 4067 Astranomnm
632 4017 731 4080 dicunt,
759 4031 792 4066 en
819 4032 875 4082 cap.
895 4019 930 4071 42
958 4017 1018 4082 (SS.
1044 4017 1084 4082 II,
1109 4034 1137 4082 p.
1161 4019 1227 4082 6323
1256 4017 1290 4078 cf.
1317 4015 1432 4080 Simeon,

317 4087 440 4152 ‘Ludiciq
458 4087 505 4138 aer
522 4087 657 4138 Fromme’
678 4087 718 4152 II,
740 4103 770 4152 p.
789 4089 851 4153 298,
877 4105 903 4141 n.
922 4091 952 4154 4)
978 4093 1037 4138 autc
1056 4089 1143 4139 oculos
1163 4087 1285 4138 babuisse
1310 4091 1432 4153 apparet.

316 4158 343 4226 4)
371 4159 404 4209 Iol
428 4159 498 4224 quael
522 4158 610 4223 Pertz,
635 4158 683 4211 SS.
705 4158 728 4224 I,
750 4174 780 4224 p.
799 4161 861 4221 295,
886 4177 913 4214 n.
932 4162 957 4214 3.
977 4163 1002 4224 4,
1028 4163 1051 4210 el
1069 4157 1183 4208 Piieleert
1205 4157 1221 4209 l.
1242 4157 1257 4210 l.
1280 4175 1308 4224 p.
1330 4161 1381 4211 113
1394 4173 1431 4224 sq.
1493 4203 1495 4208 .

315 4230 464 4284 uolnerum.
506 4230 586 4281 Taceo
604 4230 635 4280 de
652 4229 773 4295 epistulis
793 4245 942 4296 paparum,
968 4246 1036 4296 ques
1054 4230 1096 4280 nie
1113 4231 1219 4279 auctari
1242 4235 1321 4279 notas
1347 4230 1433 4292 fuisse

316 4305 453 4367 opinatur.
517 4301 544 4370 5)
558 4301 590 4354 L.
605 4301 621 4354 l.
635 4318 664 4367 p.
678 4303 712 4355 41
722 4317 760 4368 sq.
825 4304 852 4366 6)
874 4303 908 4354 Ια
927 4302 993 4353 libri
1009 4304 1064 4352 iam
1082 4302 1222 4351 memorati
1238 4314 1354 4351 cucur-su
1371 4299 1431 4352 VII.
1449 4313 1477 4352 4⁵

315 4376 353 4438 (p.
375 4376 425 4428 157
435 4377 512 4441 sqq),
532 4373 579 4424 ubi
596 4374 627 4425 de
645 4373 798 4426 Annalibus
816 4374 987 4426 Mettemibns
1005 4375 1072 4425 satis
1090 4372 1149 4436 fuse
1167 4373 1226 4436 eqit.
