3304 4892
333 419 514 476 ANNALES
532 419 758 476 METTENSES
776 419 1043 479 POSTERIORES.
1074 421 1109 479 A.
1125 425 1187 480 805.
1269 426 1321 480 105

202 599 310 654 oceidit.
347 598 384 652 m
403 598 469 651 dum
490 615 541 652 nee
566 597 622 650 iam
645 599 747 667 pabula
771 597 848 666 equis
873 601 921 651 ant
945 598 1047 653 cibaria
1072 599 1204 654 exercitui
1228 608 1441 670 super-Amor.

203 691 340 756 essent,
358 690 464 740 vastata
482 689 511 740 et
529 685 565 739 ad
582 686 715 740 nichilum
734 685 845 740 redacta
863 685 918 740 iam
937 686 1011 740 dieta
1028 687 1149 758 regione,
1163 688 1198 741 ad
1210 689 1321 757 propria

201 792 326 830 reversus
351 778 399 831 est
442 774 599 843 Imperator
617 792 682 830 vero
708 775 792 845 ipsine
817 775 909 829 estatis
933 778 1043 845 tempus
1067 776 1097 830 in
1121 777 1266 831 venatione
1293 781 1321 830 et

202 863 372 918 iocunditate
397 881 546 933 peragens,
572 880 623 933 per
640 863 783 933 Vosagum
807 864 904 917 silvam
929 864 982 918 iter
1007 863 1110 919 faciens
1136 865 1262 934 pervenit
1286 864 1321 918 ad

170 953 295 1012 slooum
323 954 368 1020 qni
395 951 497 1006 dicitur
524 951 652 1021 Campus,
697 951 795 1021 Ibique
822 952 927 1021 aliquot
958 952 1054 1008 diebus
1083 970 1190 1007 moram
1220 951 1321 1006 faciens

202 1041 334 1095 dilectum
352 1040 440 1095 filium
458 1059 538 1094 suum
556 1040 694 1094 Karolum
714 1057 809 1112 regem
835 1041 869 1094 ab
896 1041 1069 1111 expeditione
1094 1059 1233 1096 reversum
1258 1058 1321 1095 eum

201 1132 303 1203 gaudio
322 1130 448 1199 suscepit.
484 1116 555 1184 Iride
573 1145 638 1184 vero
657 1146 752 1184 mense
769 1129 822 1186 Iul.
842 1129 877 1184 de
894 1129 1061 1200 Aquisgrani
1079 1129 1218 1199 profectus
1231 1129 1321 1184 Theo·

201 1221 400 1274 donis-villam
430 1219 557 1288 pervenit
584 1222 667 1288 atque
694 1236 745 1288 per
770 1218 867 1273 Mettis
896 1219 1032 1274 transiens
1057 1219 1199 1290 Vosagum
1228 1217 1321 1287 peoiit.

201 1309 300 1378 Ibique
317 1307 459 1364 venationi
477 1324 589 1377 operam
608 1307 684 1376 dane,
702 1311 766 1377 post
783 1308 968 1362 reversionem
982 1308 1118 1362 exereitus
1134 1306 1169 1361 ad
1180 1306 1321 1362 Romariei

157 1415 184 1454 to
202 1398 344 1452 castellum
374 1396 515 1467 profectus
546 1400 594 1452 est.
643 1395 742 1465 Ibique
770 1396 942 1466 aliquantum
971 1397 1103 1465 temporis
1133 1400 1256 1450 moratus
1286 1394 1320 1448 ad

201 1486 378 1540 hiemandum
403 1485 432 1538 in
458 1485 733 1539 Theodonis-villam
757 1485 864 1554 palacio
889 1501 938 1539 sno
964 1484 1093 1541 consedit.
1143 1483 1260 1552 Ibique
1285 1483 1321 1537 ad

201 1592 265 1630 enm
290 1574 373 1629 ambo
397 1573 448 1627 filii
473 1575 515 1628 sui
532 1573 665 1644 Pippinus
691 1577 719 1628 et
737 1573 901 1629 Ludowious
925 1576 1067 1630 venerunt.
1110 1571 1320 1641 Oelebravitque

200 1663 240 1719 ibi
258 1665 378 1718 natalem
395 1663 508 1717 Domini
525 1679 589 1716 eum
606 1663 708 1733 gaudio
727 1666 755 1718 et
773 1661 947 1717 exultacione
954 1663 972 1719 ¹.

202 1843 229 1910 1)
259 1844 337 1895 Anni
361 1843 512 1907 806-813,
538 1847 647 1910 praeter
673 1840 806 1894 nonnulla
832 1857 866 1894 ao
893 1840 1036 1893 Einborda'
1061 1841 1126 1892 Vita
1152 1841 1255 1894 Karoli
1279 1838 1319 1896 Μ.

157 1926 183 1967 15
202 1913 310 1980 addita,
335 1916 391 1979 fere
415 1913 510 1980 ubique
533 1928 593 1964 eum
616 1913 762 1979 Reyiaom'e
786 1913 925 1979 Chronico,
955 1928 981 1967 a.
1007 1914 1166 1968 814-829.
1195 1913 1320 1979 (exceptu

196 1987 298 2052 primis
322 1984 408 2036 vertis
433 1982 597 2036 Ludowieus
623 1982 708 2052 igitur
727 2013 759 2022 -
781 2013 813 2022 -
833 1981 1012 2052 Hildegardis
1036 1981 1145 2054 regine)
1169 1998 1229 2034 eum
1247 1984 1318 2037 Anu.

200 2055 274 2110 Meu.
291 2071 335 2122 pr.
355 2055 524 2110 concordant.
555 2055 632 2106 Exin
649 2055 722 2107 nullo
739 2057 828 2122 spatio
845 2055 1005 2120 intematum,
1025 2055 1111 2106 eodem
1129 2069 1207 2106 versa
1225 2055 1320 2122 insipit

200 2129 327 2178 narratio
348 2123 502 2178 Transactis
527 2128 619 2178 autem
643 2155 680 2164 -
705 2155 739 2165 -
764 2125 879 2193 pristino
904 2122 1003 2176 honori
1026 2123 1155 2192 resfituit,
1179 2125 1320 2177 nonnullae

201 2199 307 2250 aneso
325 2203 373 2248 aut
390 2199 501 2248 mutatis
518 2212 552 2249 ao
569 2197 662 2248 iiedun
680 2199 726 2262 (cf.
746 2212 833 2264 usupra
846 2213 876 2264 p.
892 2197 1011 2260 95-98)
1030 2197 1195 2264 deprompta.
1234 2195 1320 2258 Quum

156 2281 183 2321 20
200 2270 281 2322 etiam
301 2269 386 2334 pauci
410 2269 460 2320 lori
484 2269 596 2320 abusus
621 2283 688 2334 quae
713 2270 834 2334 sequitur
857 2268 1028 2319 narrationis
1055 2283 1081 2322 a.
1107 2269 1169 2334 830,
1198 2267 1320 2332 alioquin

200 2355 234 2392 ax
251 2339 406 2391 Annalibus
422 2339 592 2390 Bastetanis
610 2337 670 2402 (SS.
690 2355 715 2394 r.
735 2338 767 2394 G.
786 2355 816 2404 p.
838 2340 918 2404 leq.)
941 2338 1062 2404 haustae,
1082 2339 1152 2390 velut
1170 2339 1320 2390 conventus

200 2409 236 2462 in
247 2408 424 2476 Niumaga
442 2417 505 2477 (pro
521 2407 634 2476 ibidem,
650 2411 669 2464 ι’.
682 2425 702 2464 a.
715 2410 899 2476 Aqm‘eyram')
917 2406 1006 2460 faetus
1024 2411 1065 2460 est
1079 2415 1103 2460 et
1116 2407 1320 2461 advocaverunt

200 2478 271 2534 filios
295 2497 365 2548 suos,
384 2483 503 2548 sapiunt,
527 2481 557 2532 id
577 2480 647 2548 quod
665 2480 844 2546 mombech,
864 2479 908 2534 ίΝ.
926 2479 1041 2532 Arabio'
1060 2479 1140 2545 XVI,
1160 2495 1190 2546 ρ.
1210 2481 1319 2546 60teq,

200 2567 255 2604 nen
268 2553 352 2620 plane
365 2555 512 2620 parspaait.

156 2635 182 2676 aa
306 2624 429 2690 Reliqua,
449 2626 546 2691 quippe
563 2638 632 2689 quaa
652 2638 712 2674 oum
730 2622 885 2674 Annalibus
903 2621 1075 2674 Metteneibus
1095 2621 1240 2689 primibus
1263 2621 1320 2674 a‘om

200 2709 253 2746 non
271 2695 436 2760 cohaeream,
455 2695 498 2746 hie
511 2696 712 2761 prooemiare.
