3304 4892
335 433 517 490 Auunnns
535 435 761 490 unrrnusns
779 423 959 490 Percussi
983 437 1018 491 A.
1032 439 1187 492 iss-rer.
1285 438 1320 492 sl

1331 589 1390 642 795.

1330 659 1357 698 A.
1368 669 1388 697 r.
1396 658 1435 697 ar.

1330 765 1390 818 796.

309 877 432 932 Annob
453 879 659 933 dominicae
679 877 953 932 incarnationis
970 867 1144 933 Ddoxovi.
1182 835 1436 932 Adrimusif'ilh.

171 984 274 1036 spapa
292 968 361 1021 obiit
369 970 387 1036 ¹,
407 971 434 1020 et
452 967 520 1036 Leo,
545 985 612 1021 mox
636 970 667 1020 ut
693 969 722 1020 in
746 967 839 1022 iocum
865 968 923 1020 eiua
947 967 1083 1032 successit,
1108 967 1234 1036 legatosc
1258 983 1321 1021 cum

202 1057 360 1110 muneribus
379 1056 414 1110 ad
432 1073 534 1126 regem,
554 1057 644 1110 claves
663 1057 747 1110 etiam
766 1056 949 1110 confessionis
961 1056 1050 1112 saucti
1061 1054 1138 1108 Petri
1150 1058 1178 1109 et
1189 1055 1321 1108 vexillum

202 1144 345 1199 Romanae
375 1145 450 1198 urbis
481 1145 570 1199 eidam
601 1145 708 1200 direxit.
758 1144 814 1200 Sed
844 1147 872 1198 et
902 1143 1031 1198 Heiricus
1058 1143 1119 1197 dax
1144 1143 1320 1212 Euriulensis,

201 1233 289 1286 missis
307 1233 462 1287 hominibus
480 1233 534 1287 suis
557 1251 620 1286 cum
638 1231 821 1287 wanomirod
841 1232 940 1286 Sclavo
963 1233 992 1286 in
1010 1232 1174 1302 Pannonian,
1192 1233 1321 1304 hringum

201 1322 290 1391 gentis
302 1321 466 1389 Avarorum,
486 1321 576 1392 longis
594 1326 669 1376 retro
688 1323 857 1392 temporibus
876 1323 1009 1391 quietum,
1029 1322 1102 1376 civili
1115 1323 1188 1376 bello
1201 1321 1321 1392 fatigatis

158 1428 183 1466 ro
201 1411 274 1464 inter
292 1414 320 1464 se
338 1411 540 1479 principibuse,
558 1412 686 1480 spoliavit
703 1444 739 1451 —
758 1412 864 1481 chagan
886 1413 942 1466 sive
967 1412 1065 1481 iuguro
1091 1411 1219 1465 intestina
1244 1411 1321 1465 clade

202 1499 316 1552 addictis
336 1504 363 1553 et
383 1503 399 1552 a
417 1501 471 1553 suis
490 1501 585 1554 occisis
604 1531 647 1569 -,
669 1501 829 1554 thesaurum
847 1501 1000 1569 priscorum
1018 1517 1116 1570 regum
1134 1501 1221 1553 multa
1246 1517 1320 1554 secu-

200 1589 290 1642 lorum
316 1589 473 1657 prolixitate
499 1591 646 1643 collectum
671 1590 772 1644 domno
797 1590 857 1660 regi
884 1588 982 1644 Oarolo
1010 1587 1045 1641 ad
1068 1586 1157 1657 Aquis
1183 1589 1321 1657 palacium

200 1677 281 1733 misit.
313 1677 374 1747 Quo
394 1677 516 1747 accepto,
534 1683 647 1747 peracta
659 1675 716 1732 Deo
736 1679 861 1748 largitori
879 1678 1003 1732 omnium
1020 1678 1158 1732 bonorum
1170 1677 1321 1748 gratiarum

201 1766 316 1835 actione,
334 1766 409 1820 idem
427 1769 470 1820 vir
488 1768 714 1836 prudentissimus
733 1771 815 1836 atque
834 1767 1002 1836 largissimus
1028 1771 1055 1820 et
1073 1765 1125 1820 Dei
1150 1766 1322 1836 dispensator

156 1870 182 1909 15
199 1873 329 1924 magnam
347 1855 411 1909 inde
429 1861 536 1924 partem
554 1857 674 1910 Romam
693 1856 728 1910 ad
746 1857 841 1909 limina
860 1856 1046 1924 apostolorum
1065 1856 1140 1908 misit
1157 1873 1207 1924 per
1222 1856 1321 1925 Angit·

199 1944 310 1998 bertum
329 1945 459 1998 dilectum
479 1946 609 1999 abbatem
627 1963 715 2002 suum.
751 1945 838 1998 Porro
856 1945 989 2013 reliquam
1009 1948 1117 2013 partem
1136 1945 1320 2013 optimatibus,

201 2033 306 2086 clericis
331 2034 386 2086 sive
412 2033 495 2101 laicis,
521 2035 672 2103 caterisque
696 2033 823 2088 fidelibus
842 2032 896 2086 suis
924 2033 1040 2102 largitus
1067 2038 1116 2087 est.
1161 2033 1196 2086 In
1224 2034 1321 2088 eodem

201 2139 272 2174 anno
291 2121 379 2174 tudun
392 2122 542 2175 secundum
554 2123 782 2190 pollicitationem
795 2139 872 2176 suam
885 2139 948 2176 cum
960 2139 1062 2192 magna
1074 2125 1153 2190 parte
1164 2123 1321 2176 Avarorum

201 2209 236 2262 ad
253 2227 347 2279 regem
365 2209 449 2276 venit,
468 2213 497 2264 se
516 2227 580 2266 cum
598 2212 701 2280 populo
720 2228 769 2264 suo
788 2215 815 2265 et
833 2209 944 2280 patrias
960 2210 1045 2266 dedit
1075 2209 1140 2279 Ipse
1158 2213 1186 2263 ct
1203 2213 1320 2278 populus

155 2315 183 2354 ao
199 2299 352 2367 baptizatus
371 2304 419 2368 est,
439 2304 467 2353 et
484 2299 634 2354 honorifice
652 2300 809 2354 muneribus
828 2300 923 2354 donati
940 2298 1091 2353 redierunt.
1122 2297 1184 2352 Rex
1200 2299 1320 2352 collectis

200 2387 366 2441 exercitibus
384 2389 437 2442 suis
457 2388 605 2443 Saxoniam
624 2389 760 2458 ingressus
780 2393 828 2458 est,
853 2387 942 2442 filium
961 2405 1040 2442 suum
1059 2387 1209 2456 Pippinum
1226 2405 1321 2458 regem

199 2476 319 2531 Italiae&
340 2478 369 2530 in
387 2477 542 2532 Pannonias
567 2495 630 2532 oum
649 2477 771 2532 exercitu
789 2479 885 2534 misit.
923 2477 1006 2530 (iuius
1027 2477 1179 2546 legationes
1204 2475 1320 2530 adeum

199 2566 228 2618 in
247 2566 385 2620 eamdem
397 2566 552 2621 Saxoniam
570 2570 712 2634 venerunt,
730 2583 793 2634 una,
813 2564 903 2634 quaeh
920 2565 991 2619 dixit
1008 2565 1159 2618 occurrisse
1176 2564 1203 2619 ei
1215 2565 1320 2634 chagan

201 2672 263 2708 cum
293 2657 395 2709 ‘ceteris
429 2657 621 2725 optimatibus,
659 2654 755 2724 quosi
793 2656 844 2710 sibi
873 2654 967 2709 Avari
1002 2659 1065 2724 post
1101 2653 1320 2708 interiectionem

155 2758 182 2796 ss
200 2743 323 2811 priorum
343 2745 558 2814 constituerunt3
585 2746 679 2813 altera,
701 2761 771 2813 quae
789 2744 861 2798 dixit
878 2733 1029 2813 Pippinur'n
1048 2761 1112 2798 cum
1130 2743 1253 2797 exercitu
1271 2759 1319 2796 suo

201 2831 233 2884 in
255 2832 354 2902 hringo
379 2833 481 2890 sedare.
526 2834 563 2888 Et
588 2834 704 2888 domnus
728 2851 778 2888 rex
802 2839 948 2904 peragrata
974 2833 1094 2888 Saxonis
1122 2849 1185 2886 cum
1212 2833 1319 2902 integro

201 2921 324 2974 exercitu
341 2923 370 2974 in
383 2921 486 2977 Gallias
504 2926 532 2977 se
550 2925 655 2992 recepit
673 2928 701 2977 et
718 2923 747 2976 in
759 2924 847 2991 Aquis
859 2923 966 2992 palacio
978 2923 1067 2976 filium
1079 2939 1159 2975 suum
1172 2921 1320 2990 Pippinum

201 3027 242 3064 ex
260 3008 401 3064 Pannonia
418 3011 580 3066 redeuntem
599 3017 627 3066 et
651 3016 759 3081 partem
784 3012 914 3080 thesauri,
941 3029 1010 3080 quae
1033 3013 1211 3079 remanserat,
1237 3009 1321 3062 addu-

201 3101 308 3152 centem
339 3100 409 3154 letus
446 3101 565 3171 aspexit,
603 3105 685 3170 atque
718 3101 821 3155 ibidem
852 3102 972 3155 natalem
1002 3100 1115 3154 Domini
1151 3103 1184 3152 et
1219 3099 1321 3167 pascha

155 3202 183 3241 ac
201 3187 357 3246 celebravit.
797 3217 801 3228 ι
1331 3172 1390 3226 797·

307 3278 426 3332 Ainrrok
447 3279 638 3335 dominicae
663 3279 913 3333 incarnationis
934 3277 1124 3334 Ducxch.
1166 3242 1438 3336 Barcinomiiiliiss.

201 3363 296 3420 civitas
322 3365 489 3436 Hispaniae,
520 3385 589 3438 quae
615 3367 741 3437 prideml
774 3371 790 3420 a
816 3368 896 3421 nobis
924 3367 1108 3435 desciveratffl,
1135 3365 1244 3422 reddita
1271 3370 1319 3425 ast,

202 3453 273 3508 Nam
298 3455 357 3524 ipse
382 3456 417 3508 ad
442 3457 579 3525 palacium
602 3457 714 3510 veniens
742 3457 890 3511 dominio
918 3456 1018 3527 ragisn
1043 3456 1219 3525 semetipsum
1244 3457 1320 3507 *cum
1329 3471 1361 3520 tf.
1369 3472 1414 3513 15⁰.

201 3543 311 3598 civitate
339 3544 550 3600 commendavit.
594 3539 743 3614 Expeditio
771 3545 845 3600 lacta
871 3546 900 3599 in
927 3545 1091 3613 saxoniam,
1119 3548 1147 3597 et
1173 3559 1257 3610 usque
1285 3543 1321 3596 ad

155 3651 183 3690 ab
201 3649 350 3688 occeanum
369 3637 443 3686 trans
462 3650 557 3688 omnes
574 3635 688 3703 paludes
711 3639 738 3687 et
763 3635 837 3688 invia
861 3636 923 3688 loca
947 3633 1092 3689 transitum
1118 3637 1166 3687 est.
1209 3630 1247 3684 nt
1270 3649 1321 3686 rex

202 3721 236 3775 da
254 3721 454 3776 Hadulaha⁰·²
471 3739 658 3793 regressus-
673 3724 725 3777 hoo
745 3723 817 3777 anim
836 3724 896 3778 loci
914 3741 1016 3777 nomen
1034 3725 1102 3790 est,
1121 3721 1169 3775 ubi
1187 3737 1320 3776 occeanus

201 632 281 684 vero,
313 613 422 668 afflictis
448 629 547 684 magna
578 630 613 666 ex
642 615 721 682 parte
749 611 904 666 Saxonibus
932 629 1081 681 eorumque
1111 616 1186 666 terra
1215 616 1321 666 vastata

202 701 375 771 acceptisque
402 718 497 756 eurum
524 701 673 769 obsidibus,
700 702 729 754 in
758 700 861 754 Gallias
887 701 978 768 rediit,
1006 703 1034 754 et
1061 701 1090 753 in
1117 701 1222 768 palacio
1250 702 1317 769 quia

201 795 316 844 vocatur
333 789 421 858 Aquis
439 791 559 844 natalem
577 789 690 843 Domini
708 789 855 844 celebravit
874 795 902 843 et
919 789 1021 858 pascha
1038 789 1171 844 similiter.

201 3953 222 4004 a)
243 3955 275 3992 tta
292 3955 356 3994 attam
376 3956 433 3996 Ann.
454 3968 473 3998 r.
491 3957 530 3999 Fr.
596 3957 619 4008 b)
641 3955 707 3998 Anno
725 3977 753 3986 -
771 3955 908 3996 Dcuxcvu
930 3967 972 3994 om.
991 3955 1041 3996 Al.
1113 3953 1133 4005 c)
1154 3954 1215 3994 misit
1235 3955 1320 4000 legatos

200 4010 257 4046 Ann.
269 4018 288 4048 r.
298 4009 337 4048 Fr.
388 4007 412 4060 d)
425 4010 556 4050 Woncmtro
570 4011 627 4050 Ana.
639 4021 658 4049 r.
668 4011 708 4050 Fr.
759 4010 780 4061 e)
794 4009 912 4060 pricipibus
926 4009 1005 4057 (prim
1020 4007 1028 4046 i
1041 4007 1218 4056 superscribendo
1232 4007 1320 4054 omaso)

200 4061 250 4098 Al.
332 4061 349 4112 t)
368 4063 416 4110 regi
431 4064 482 4103 add.
497 4065 555 4106 Ann.
568 4075 587 4102 r.
603 4063 642 4104 Fr.
725 4063 746 4114 g)
765 4063 797 4102 ita
811 4064 834 4100 in
848 4063 894 4101 loco
912 4072 963 4100 raso
981 4061 1031 4100 Al.
1113 4061 1137 4112 h)
1157 4061 1251 4117 Unaque
1269 4059 1319 4098 Al.

152 4122 182 4160 40
201 4114 217 4164 i)
232 4123 298 4161 quem
312 4115 368 4153 Ana.
384 4126 404 4154 r.
418 4117 457 4156 Fr.
513 4117 536 4168 k)
551 4118 618 4156 Anno
632 4138 659 4146 —
672 4115 820 4158 nccxovn.
834 4127 876 4158 om.
889 4116 937 4154 Al.
992 4115 1009 4161 l)
1022 4115 1067 4154 iam
1081 4115 1167 4164 pridem
1181 4115 1238 4153 Aan.
1249 4123 1269 4154 r.
1279 4112 1319 4153 Fr.

200 4165 360 4259 qriqdeqiuerat
372 4168 421 4260 ,ἐκ
474 4169 497 4221 n)
511 4171 543 4209 tta
556 4171 609 4222 A15
624 4171 651 4220 af.
666 4171 728 4218 intra
741 4169 810 4213 a.80³
825 4167 916 4220 (domno
930 4169 978 4216 regi
991 4169 1048 4211 nnn.
1064 4179 1083 4206 r.
1098 4169 1155 4220 Fa).
1209 4167 1230 4218 ο)
1244 4165 1321 4205 Hada-

209 4232 222 4259 ο
239 4231 253 4258 a
287 4232 323 4260 nn.
338 4231 357 4260 r.
392 4233 412 4261 r.

200 4419 228 4484 1)
251 4419 311 4472 795.
330 4417 390 4471 Deo.
407 4420 450 4474 25.
522 4417 550 4488 2)
569 4418 678 4471 Hacteln
696 4419 832 4470 inuidiam
850 4432 943 4470 awaus
961 4417 994 4469 at
1012 4419 1078 4470 ostio
1096 4415 1173 4468 Aua
1190 4413 1319 4479 fluminis.

255 4525 353 4565 Annales
367 4526 490 4566 Martenses
503 4527 598 4576 priores.
1091 4525 1108 4578 6
