3304 4892
388 403 573 460 ANNALES
591 403 816 459 marinaeus
835 403 1009 462 PRIORES.
1040 406 1076 462 A.
1091 409 1153 463 830.
1298 411 1332 464 ei

212 591 382 666 fecerunt,
411 592 452 651 ut
475 588 567 673 patri
596 588 795 653 resisterent
825 592 1010 670 suamquea
1037 590 1227 672 coniugem,
1259 601 1400 675 pre-830.

214 671 363 744 dictamb
373 677 495 741 Iudith
507 677 769 760 imperatricem,
783 669 835 741 cib
847 677 1024 742 auferrent
1036 679 1140 760 atque
1151 678 1331 744 minimum

214 768 324 832 filium
348 767 422 831 eius
448 787 468 830 o
493 765 717 849 primerent⁰.
770 765 826 829 Ad
856 766 948 848 quod
978 784 1056 829 cum
1086 765 1190 830 turba
1221 768 1331 832 multa

215 788 491 956 conveneruntfp
495 854 572 932 Sed,
590 857 631 916 ut
646 853 834 938 prefixum¹
850 849 936 931 esti,
954 854 1150 918 antedictus
1163 855 1331 938 Pippinus
1364 832 1446 924 lfita
1457 849 1558 923 aredii

183 945 345 1029 sprimc⁰
366 965 445 1008 cum
468 943 653 1008 antedictis
670 936 849 1008 emulisl’·2
863 943 981 1008 venit⁶
1000 946 1035 1007 et
1054 936 1172 1006 suam¹²
1190 964 1330 1009 uxorem
1359 940 1362 960 '
1449 941 1456 963 '
1514 939 1559 950 ”⁸

214 1027 280 1109 eil,
305 1033 389 1098 iicet
413 1035 533 1096 contra
556 1031 668 1115 legem
692 1034 729 1096 et
751 1053 887 1096 omnem
904 1026 1183 1109 auctoritateml‘,
1208 1053 1331 1098 memo-

213 1123 298 1186 ratis
315 1122 460 1186 emulis²
477 1121 739 1186 exhortantibus
756 1124 860 1204 atque
875 1114 1138 1199 fulcientibus¹,
1154 1121 1331 1204 ingeniose

214 1211 389 1275 dimittere
412 1210 531 1275 fecitm.
572 1208 667 1288 Quae
691 1210 728 1272 in
748 1209 985 1274 Pictavensem
1009 1209 1130 1274 urbem
1155 1210 1332 1294 compulsa

214 1303 267 1364 est
289 1299 348 1377 irc,
373 1299 489 1381 ibique
512 1298 549 1361 in
573 1298 779 1363 monasterio
803 1302 942 1362 sauctae
959 1296 1078 1362 Crucis
1102 1301 1155 1363 est
1177 1303 1330 1378 retrusa;

169 1412 195 1450 ιο
213 1388 295 1452 ubin
322 1388 461 1452 domino
486 1391 604 1452 nostro
628 1387 710 1452 Iesu
732 1385 871 1452 Christo
895 1387 1145 1452 studiosissime
1167 1387 1332 1452 famulari

214 1478 269 1541 die
300 1481 494 1560 noctuque⁰
526 1476 671 1552 studuit,
702 1475 844 1540 Domini
874 1495 1008 1559 quoque
1039 1476 1152 1540 denuo
1182 1477 1331 1560 gratiam

212 1565 300 1630 inibi
322 1565 509 1649 promereri
532 1565 693 1642 meruiti',
722 1569 826 1647 atque
849 1564 937 1629 inibi
960 1564 1110 1628 Domino
1133 1565 1331 1630 famulanti·

213 1654 350 1718 busita
373 1654 508 1738 placere
532 1653 664 1718 valuitq
701 1656 742 1717 ut
765 1673 882 1718 omnes
913 1653 945 1718 ei
974 1653 1161 1718 imitabiles
1191 1673 1227 1718 se
1258 1674 1330 1720 esse

212 1743 301 1808 velle
327 1742 638 1826 profiterentur‘·³.
658 1705 833 1822 fDemum
864 1742 975 1808 eniml
1003 1742 1119 1807 tenuit
1148 1741 1324 1826 prefatust

169 1853 194 1893 rs
212 1833 399 1916 imperator
421 1831 589 1916 placitum
613 1852 714 1894 suum
743 1827 799 1894 int
828 1851 944 1896 mense
968 1829 1154 1896 Octobricu
1180 1833 1217 1894 in
1246 1831 1384 1898 villaco.

210 1919 416 2004 Ninmaga4.
464 1920 532 1984 Ubi
563 1923 598 1985 et
628 1921 793 2003 quosdam
824 1941 865 1984 ex
893 1919 973 1996 illis,
1005 1920 1064 2002 qui
1095 1920 1127 1984 ei
1156 1921 1330 2005 predictas

213 2008 440 2074 contumelias
478 2010 653 2087 fecerunt,
692 2009 729 2072 in
764 2008 903 2074 exilium
940 2008 1035 2072 misit
1069 2011 1172 2092 atque
1211 2031 1329 2074 eorum

213 2098 360 2162 bonores
383 2097 529 2161 abstulit
538 2096 560 2161 ⁶.
607 2097 649 2160 In
673 2099 792 2162 eodem
824 2117 904 2180 ergo
934 2096 1063 2181 placito
1093 2118 1155 2180 per
1185 2099 1329 2164 auctori-

125 2129 187 2312 Ἀ
211 2189 322 2250 tatem
360 2185 584 2270 apostolicam
622 2187 715 2251 sivev
752 2207 814 2271 per
851 2205 1054 2251 consensum
1092 2186 1330 2270 episcoporum

168 2297 194 2336 20
213 2275 467 2340 consideratum
491 2279 527 2339 et
550 2275 713 2340 canonice
737 2275 918 2339 definitum
942 2277 1004 2351 est,
1028 2278 1069 2338 ut
1095 2273 1324 2340 memoratust

212 2364 399 2448 imperator
422 2384 519 2427 suam
541 2364 711 2448 reciperet
725 2362 930 2428 uxoremw·⁶.
970 2361 1039 2442 Qui
1054 2363 1173 2426 statim
1188 2367 1331 2448 propter

213 2473 288 2517 eam
318 2453 503 2536 optimates
532 2457 631 2536 regni
661 2453 714 2516 sui
745 2453 855 2530 misit,
890 2456 931 2515 ut
961 2453 1040 2516 eam‘
1067 2452 1255 2517 honorifice
1285 2454 1329 2517 ad

212 2547 270 2606 sc¹
296 2543 519 2607 adducerent.
565 2541 690 2606 Postea
716 2562 796 2606 vero
820 2539 1003 2605 Carolumy
1030 2539 1139 2604 filium
1170 2545 1330 2606 suamet

212 2629 409 2714 Drcgouem
444 2631 640 2714 episcopum
652 2629 672 2707 ⁷,
707 2630 851 2695 fratrem
884 2629 1048 2694 videlicet
1082 2629 1214 2708 suum⁸,
1250 2650 1328 2695 cum

167 2738 193 2776 as
212 2718 289 2782 aliis
316 2719 542 2802 optimatibus
572 2719 708 2783 obviam
739 2720 770 2783 ei
800 2717 903 2796 misit,
936 2718 995 2801 qui
1026 2738 1100 2782 eam
1132 2719 1176 2783 ad
1199 2719 1329 2802 Aquas·
1394 2775 1395 2779 ,

211 2807 311 2890 grani
344 2807 516 2891 palacium
551 2829 627 2872 cum
663 2828 788 2891 magno
818 2807 948 2872 honore
979 2808 1199 2872 deducerent.
1252 2808 1328 2873 Pre-

211 3050 233 3102 s)
247 3050 314 3098 eique
327 3061 390 3090 susm
404 3051 451 3094 Bl.
506 3050 529 3102 b)
543 3049 668 3101 predictam
678 3051 735 3092 -ei
749 3062 790 3095 om.
804 3052 851 3092 Bl.
907 3052 927 3104 c)
942 3056 1045 3100 atque-
1056 3052 1210 3101 opprimerent
1223 3061 1265 3090 m.
1280 3051 1327 3091 131.

211 3101 234 3153 d)
249 3101 286 3143 Aci
300 3105 360 3154 quod
373 3125 399 3135 —
414 3109 449 3144 est
462 3115 504 3144 orn.
519 3106 566 3148 Bi.
642 3105 663 3157 e)
677 3105 726 3153 Quo
740 3116 790 3145 cum
804 3106 901 3154 primum
914 3105 1019 3155 pippinus
1033 3104 1079 3146 Bi.
1157 3105 1175 3157 i)
1189 3105 1222 3143 sic
1234 3104 1286 3154 1313
1302 3115 1328 3144 ac

91 3197 92 3201 ,
193 3163 196 3169 ’
211 3157 286 3196 multis
300 3159 347 3198 Al.
415 3161 439 3208 g)
453 3159 553 3198 uenisset
566 3158 613 3200 Β1.
682 3159 706 3211 h)
720 3163 743 3197 et
757 3169 820 3198 suam
834 3169 875 3198 om.
891 3159 939 3201 Bi.
1005 3157 1022 3208 i)
1036 3168 1077 3200 om.
1090 3157 1137 3200 Bi.
1205 3157 1229 3206 k)
1243 3158 1328 3196 autori‹

167 3207 193 3246 so
212 3215 280 3250 tatem
294 3211 340 3255 Ar.
407 3213 424 3260 l)
442 3217 465 3250 et
478 3222 566 3252 omnem
580 3233 605 3240 -
620 3211 764 3251 fulcientibus
782 3223 823 3250 om.
837 3212 885 3253 Β1.
951 3211 981 3257 m)
1001 3211 1057 3250 iecit
1075 3220 1135 3250 eum
1150 3208 1264 3250 dimittere
1280 3211 1326 3251 Bi.

210 3265 234 3311 n)
249 3269 277 3303 et
289 3265 352 3313 ipss
365 3265 416 3304 add.
432 3265 478 3306 Bl.
534 3265 555 3316 o)
569 3265 639 3304 totis
653 3265 765 3304 nisibus
779 3265 829 3307 add.
842 3265 890 3304 Bi.
945 3264 969 3315 p)
982 3264 1073 3303 Domini
1086 3284 1113 3294 -
1126 3264 1209 3303 meruit
1223 3275 1264 3302 om.
1279 3265 1327 3304 Β1.

211 3316 234 3368 q)
247 3317 281 3356 ita
293 3318 379 3366 placuit
392 3318 441 3358 131.
510 3318 529 3369 r)
544 3328 620 3358 omnes
633 3318 708 3367 proiit.
724 3327 748 3358 ss
762 3327 819 3356 eam
833 3318 893 3357 veile
907 3317 990 3356 imitari
1003 3317 1053 3356 Β1.
1122 3317 1141 3368 s)
1160 3317 1264 3356 Postea
1277 3318 1297 3356 B
1307 3319 1326 3357 1.

211 3369 229 3420 t)
248 3381 289 3412 om.
302 3371 351 3410 131.
433 3372 456 3419 ir)
474 3371 505 3409 ss'c
520 3371 574 3420 1313
593 3373 659 3410 octob
678 3370 698 3408 A
709 3372 732 3422 13
752 3369 844 3410 Octobri
859 3370 944 3418 Hunsps
962 3370 1010 3418 (‘N.
1025 3367 1118 3410 Archis'
1132 3370 1213 3419 ΗΠ,
1227 3381 1253 3420 p.
1269 3370 1327 3420 cat).

210 3423 234 3474 v)
248 3427 272 3462 et
285 3423 335 3466 Bi.
349 3423 379 3463 Η.
434 3424 464 3474 w)
479 3424 625 3471 coniugem
639 3425 688 3462 Bl.
703 3423 733 3463 Η.
787 3424 811 3475 x)
826 3435 876 3464 eum
889 3424 938 3468 Β1.
951 3424 981 3464 Η.
1036 3426 1060 3475 y)
1073 3424 1182 3464 lineium
1194 3424 1244 3465 Β1.

165 3649 191 3689 sc
211 3634 238 3705 1)
263 3635 304 3701 Cf.
327 3651 414 3702 supra
431 3652 462 3702 p.
481 3637 524 3701 96,
548 3652 575 3691 n.
594 3638 619 3691 5.
712 3635 740 3705 2)
764 3636 807 3700 Os.
830 3652 917 3705 cupra
936 3654 965 3706 p.
985 3639 1028 3704 96,
1052 3654 1078 3692 a.
1097 3640 1124 3694 8·
1218 3636 1245 3706 3)
1269 3637 1327 3689 Hoc

210 3707 321 3759 annales
344 3709 485 3759 retractati
508 3713 575 3759 recte
599 3709 821 3774 intepramntur.
928 3707 956 3776 4)
982 3710 1054 3762 Ana.
1073 3709 1146 3762 Bm.
1169 3708 1186 3758 l.
1205 3709 1223 3762 i.
1244 3725 1274 3775 p.
1294 3711 1324 3762 2:

210 3777 294 3829 alium
321 3780 486 3830 conventum
513 3776 629 3830 domnus
655 3777 806 3846 imperator
832 3794 895 3831 cum
921 3776 979 3831 filio
1007 3795 1055 3831 suo
1080 3776 1227 3830 Hlothsrio
1255 3778 1327 3831 circa

209 3847 349 3901 Kalendas
368 3847 495 3902 Octobris
513 3847 685 3918 Noviomago
711 3848 841 3904 condixit.
906 3848 977 3946 sb)
1002 3850 1060 3903 Hoc
1084 3851 1196 3902 nannai
1220 3866 1246 3904 a.
1264 3852 1326 3905 831.

210 3921 310 3983 etenim
328 3920 364 3983 cf.
383 3920 488 3972 Simeon
506 3921 524 3974 l.
545 3921 562 3974 i.
583 3920 607 3987 I,
629 3937 660 3987 p.
679 3921 740 3986 363,
763 3937 789 3975 a.
810 3923 834 3975 1.
859 3921 899 3987 II,
920 3937 949 3988 p.
968 3923 1035 3989 2sq.
1081 3909 1154 4024 st)
1173 3920 1247 3973 Haec
1264 3936 1326 3988 quo

164 4005 192 4044 40
209 4006 258 4056 que
282 3992 370 4042 nostri
389 3993 578 4058 praecipiam
602 3992 637 4055 cf.
664 3991 697 4046 ii.
723 3991 761 4054 II,
787 4009 817 4058 p.
839 3994 901 4058 365,
926 4009 952 4047 u.
976 3994 1000 4048 6.
1109 3993 1137 4059 i)
1167 3992 1325 4045 Metteasem.

209 4062 237 4128 8)
260 4061 362 4112 Karoia·
377 4062 415 4116 M.
434 4078 468 4113 ea·
485 4062 591 4129 Rapina
609 4062 755 4114 cortoubr’rta
772 4063 866 4127 filium.

263 4166 362 4206 Annales
375 4167 498 4208 Metisnses
510 4169 606 4218 priores.
1114 4154 1130 4208 7
