3304 4892
326 363 378 416 100
418 358 597 413 ANNALDS
613 357 838 414 MDTTENSRS
854 357 1122 416 POSTDRIORES.
1150 361 1185 417 A.
1197 364 1349 418 rsa-⁷85.

261 557 315 605 Rec-
432 536 514 590 Anno
551 536 688 590 dominice
728 535 923 592 incarnationis
958 535 1178 593 DOGLXXXII.
1238 537 1357 592 Karolus
1393 557 1444 593 rex

326 625 488 679 eumama
506 625 629 692 ¹veniens,
648 625 758 680 Renum
776 656 811 665 -
829 658 865 665 -
883 642 965 694 pasca
983 625 1115 682 similiter.

262 733 315 781 aec.
432 715 514 768 Anno
535 715 570 769 ab
589 713 794 770 incarnationeb
815 714 926 768 Domini
944 713 1180 771 DOOLXXXIH.
1218 715 1294 770 Obiit
1311 717 1443 772 beatae

325 804 473 857 memoriae
497 803 675 875 Hildegardis
699 804 813 873 regina⁰
839 801 882 859 II.
908 803 972 858 Kal.
997 802 1080 871 Maii,
1109 804 1183 871 quod
1208 805 1299 858 evenit
1322 809 1388 858 tuuc
1412 806 1443 858 in

203 911 230 950 A.
239 911 270 950 rs.
277 921 315 960 pr.
324 891 419 962 vigilia
437 891 600 946 ascensionis
618 892 737 961 Domini,
762 895 790 946 et
808 892 916 960 sepulta
940 895 981 944 est
1005 892 1082 946 iuxta
1107 893 1204 946 urbem
1222 892 1388 948 Mettensem
1412 895 1478 948 inc

325 980 436 1034 basilica
461 981 730 1049 apostolorum¹
748 985 783 1036 et
803 981 878 1035 beati
895 979 1039 1035 Amulfid.
1080 981 1187 1036 Eodem
1213 999 1284 1035 anno
1310 983 1442 1036 iterum

263 1088 315 1136 oo.
325 1068 447 1123 Saxones
473 1069 589 1123 rebelles
617 1069 781 1139 extiterunt,
809 1073 837 1124 et
863 1086 913 1123 rex
940 1086 1002 1123 cum
1029 1071 1122 1139 paucis
1149 1069 1262 1124 Francis
1290 1071 1325 1124 ad
1351 1073 1443 1125 locum

206 1141 431 1242 “gjquode
467 1157 567 1211 dicitur
605 1158 753 1212 Teutmalli
788 1158 871 1213 venit.
924 1157 969 1211 Ibi
999 1157 1121 1212 Saxones
1152 1189 1185 1198 —
1215 1191 1252 1199 —
1287 1159 1441 1215 revertitur.

205 1245 432 1314 AmprDcdem
451 1263 521 1300 anno
541 1246 610 1300 obiit
628 1245 712 1300 Berta
730 1247 825 1316 regina
843 1245 915 1301 1111.
934 1245 1000 1298 Idus
1018 1245 1085 1299 Iulii
1106 1250 1140 1301 et
1165 1248 1311 1316 sepulta
1335 1253 1389 1301 est
1413 1248 1443 1300 in

299 1343 303 1352 '
325 1335 486 1391 Gauciacn'.
532 1335 601 1389 Sed
627 1335 692 1389 inde
718 1336 850 1388 translata
874 1334 1008 1388 Parisius
1036 1335 1142 1404 sepulta
1169 1340 1210 1390 eat
1236 1336 1313 1390 iuxta
1339 1337 1442 1390 virum
1463 1352 1494 1390 10

260 1443 313 1492 neq,
325 1423 437 1477 suurnf
459 1425 488 1477 in
511 1425 669 1502 ecclesia
687 1425 774 1478 sancti
792 1423 907 1477 Dionisii
926 1422 1076 1480 martirisf.
1119 1423 1158 1477 Et
1182 1442 1245 1479 cum
1261 1425 1442 1480 Warmatiam

324 1513 492 1581 pervenisset
518 1530 582 1582 rex,
613 1512 727 1567 sociavit
754 1513 806 1566 sibi
832 1513 861 1566 in
888 1511 1093 1567 matrimonium
1120 1512 1282 1566 Fastradam
1309 1514 1442 1584 reginam,

325 1602 528 1670 celebravitque
545 1603 667 1655 natalem
685 1602 796 1655 Domini
814 1602 843 1655 in
861 1601 1021 1656 Heristellio
1040 1606 1068 1654 et
1085 1619 1167 1670 pasca
1185 1602 1317 1659 similiter.

260 1709 313 1757 aec.
431 1690 514 1743 Anno
544 1689 697 1743 dominicae
727 1689 921 1744 incarnationis
949 1689 1199 1746 DOOLXXXIHI.
1247 1691 1367 1745 Karalus
1393 1709 1443 1746 rex

325 1778 457 1832 iterum
476 1779 612 1848 ingressus
631 1783 671 1832 est
689 1778 838 1832 Saxoniam
858 1809 891 1818 -
912 1779 1117 1848 -genitorem
1138 1797 1226 1834 suum.
1270 1780 1330 1834 Rex
1350 1782 1443 1850 itaque
1463 1795 1489 1834 15

201 1849 401 1952 A‘Mffijcum
420 1867 532 1920 consilio
550 1884 743 1936 procerum
768 1885 905 1920 sucrum
929 1867 1042 1922 iterum
1060 1867 1157 1922 hiemis
1182 1873 1306 1938 tempore
1330 1869 1444 1923 intravit

200 1957 313 2004 Alf-rr·
325 1953 473 2008 Saxoniam
492 1959 520 2009 et
538 1956 687 2010 celebravit
704 1957 824 2010 natalem
836 1956 948 2010 Domini
964 1957 1041 2010 iuxta
1053 1960 1171 2010 castrum
1184 1957 1398 2012 Kiridrioburcss
1413 1959 1443 2012 in

240 2011 396 2113 (1³⁶⁹)on
411 2043 596 2114 Waizzagaim
615 2063 697 2114 super
714 2045 828 2100 fluvium
847 2046 935 2100 Amra
952 2046 981 2098 in
999 2046 1066 2099 villa
1083 2045 1202 2102 Leutidi.

180 2115 314 2219 (ffljffj
430 2133 513 2186 Anno
539 2132 691 2188 dominicae
715 2134 908 2188 incarnationis
929 2133 1166 2190 ccclxxxvn
1211 2135 1272 2188 Rex
1297 2152 1381 2203 usque
1407 2135 1442 2188 ad

324 2221 466 2276 ΒοὶθΜ
483 2223 609 2292 pervenit
625 2242 706 2293 super
723 2223 837 2278 fluvium
853 2223 1019 2292 wisnona,
1038 2225 1085 2278 ubi
1104 2223 1218 2277 confluit
1231 2224 1369 2278 Waharna
1376 2225 1395 2290 ⁴,
1414 2229 1442 2278 et
1461 2237 1488 2278 20

323 2317 437 2381 propter
461 2311 576 2366 nimiam
601 2312 811 2366 inundationem
833 2330 966 2381 aquarum
990 2330 1115 2366 reversus
1143 2313 1202 2366 eat⁵
1226 2312 1261 2365 ad
1286 2312 1442 2366 Heresburc

323 2405 443 2454 castrum
451 2401 469 2470 ⁸,
495 2401 544 2454 ubi
568 2418 683 2454 uxorem
707 2418 784 2454 suam
802 2400 963 2455 Fastradam
989 2418 1052 2454 cum
1076 2400 1139 2453 filiis
1164 2405 1192 2455 et
1216 2400 1324 2454 filiabus
1348 2403 1441 2456 venire

322 2489 407 2558 iussit,
426 2490 539 2558 ibique
556 2507 621 2558 per
638 2493 732 2544 totam
751 2489 876 2544 hiemem
894 2491 1034 2545 mansit.
1071 2489 1146 2543 Ubi¹
1164 2489 1247 2544 etiam
1265 2507 1347 2558 pasca
1371 2492 1440 2544 cele·

322 2579 420 2634 bravit.
457 2578 494 2632 Et
512 2579 605 2632 multis
623 2579 727 2634 vicibus
746 2578 950 2632 exercitum
969 2595 1050 2648 super
1069 2578 1190 2633 Saxones
1207 2579 1281 2631 misit
1300 2582 1439 2632 eteorum

323 2670 412 2719 castra
430 2666 564 2720 destruxit
572 2667 590 2735 ⁸,
610 2669 684 2721 etin
703 2667 778 2721 Maio
797 2667 924 2721 sinodum
942 2667 1036 2736 apud
1053 2666 1311 2721 Paderbronnam
1335 2669 1438 2736 habuit,
1458 2680 1484 2720 ab

322 2758 350 2808 et
368 2754 431 2808 inde
450 2754 579 2808 iteruml
598 2773 714 2825 pergens
732 2757 808 2810 nullo
829 2755 1032 2810 contradicente
1044 2759 1132 2810 totam
1145 2755 1294 2810 Saxoniam
1307 2756 1438 2813 circuivit.

321 2843 358 2897 Et
376 2860 439 2896 cum
456 2843 624 2912 pervenisset
642 2844 671 2896 in
688 2843 898 2916 Bardengawil,
923 2845 998 2898 misit
1016 2845 1079 2898 inde
1104 2848 1166 2914 post
1184 2843 1391 2898 Widichindum
1412 2849 1440 2898 et

321 2931 479 2986 Abbionem
504 2935 532 2985 et
554 2935 684 3000 utrosque
709 2931 744 2985 ad
769 2949 797 2985 se
823 2933 916 2987 venire
943 2933 1015 2989 fecit.
1059 2933 1134 3003 Quos
1158 2937 1328 2987 sacramento
1357 2951 1438 2987 con-

321 3021 490 3088 strinxit,
508 3025 540 3074 ut
558 3020 593 3074 ad
612 3039 674 3075 eum
692 3021 721 3074 in
739 3021 884 3076 Franciam
902 3023 1035 3078 venirent.
1073 3021 1135 3092 Qui,
1154 3023 1272 3091 acceptis
1290 3021 1437 3090 obsidibus,

320 3110 356 3164 ad
373 3128 468 3180 regem
486 3110 515 3163 in
532 3111 599 3164 villa
616 3109 757 3164 Attiniaco
776 3114 909 3165 venerunt
918 3111 940 3142 ¹⁰
965 3111 1058 3178 ibique
1083 3110 1213 3180 baptizati
1237 3115 1309 3178 sunt,
1335 3115 1362 3164 et
1387 3111 1438 3164 sic
1456 3123 1482 3163 eo

319 3204 378 3254 tota
397 3200 516 3254 Saxonia
534 3199 679 3271 subiugata
697 3203 738 3254 est
756 3199 876 3256 Francis.

320 3395 343 3450 a)
358 3397 389 3436 ita
398 3408 442 3446 pro
458 3394 574 3438 Coloniam
588 3397 640 3446 1313
656 3407 741 3436 comam
756 3397 803 3436 132.
858 3397 881 3448 b)
895 3397 1019 3436 incantione
1034 3407 1091 3436 corr.
1106 3396 1260 3436 incarnatione
1273 3396 1320 3434 131.
1379 3395 1399 3446 c)
1414 3397 1437 3434 s'n

319 3451 417 3499 momine
434 3451 507 3489 wdesn
524 3461 604 3490 manu:
623 3449 759 3499 hildegardis
777 3451 856 3498 regina
874 3450 976 3490 moritur.
1058 3450 1080 3501 d)
1102 3454 1125 3489 et
1143 3451 1232 3500 sepulta
1250 3453 1285 3488 est
1302 3449 1326 3488 in
1344 3448 1437 3488 basilica

320 3515 337 3543 s.
353 3503 440 3542 Amulfl
458 3505 483 3542 ln
499 3504 555 3543 urbe
570 3504 675 3543 Mettensi
693 3503 741 3543 Ba.
811 3504 831 3556 e)
849 3505 880 3542 alc
898 3504 947 3544 131.
1015 3503 1032 3555 i)
1051 3508 1074 3543 et
1087 3504 1176 3552 sepulta
1190 3525 1214 3532 -
1229 3503 1324 3542 Dionisii
1338 3502 1436 3541 martiris

319 3558 384 3596 aiam
398 3558 445 3606 132,
459 3557 497 3596 uti
510 3561 582 3596 tamea
595 3557 660 3596 cerba
673 3557 736 3595 iuxta
749 3556 822 3595 virum
837 3568 901 3596 suum
914 3557 1001 3596 omissa.
1069 3555 1091 3608 g)
1109 3557 1141 3595 ita
1155 3557 1206 3605 Β1;
1225 3557 1325 3595 similiter
1338 3556 1437 3595 nonnulli
1454 3557 1479 3598 ³5

319 3610 371 3648 libra*
390 3611 491 3649 Obroaim'
508 3610 632 3658 Recinonte.
714 3610 738 3658 h)
752 3611 771 3649 V
786 3611 809 3648 in
828 3611 872 3649 loeo
891 3621 941 3648 racc
960 3611 1009 3650 Bl.
1096 3610 1113 3659 i)
1133 3611 1165 3648 tta
1182 3611 1231 3649 Bl.
1250 3611 1273 3657 23
1293 3609 1350 3648 Rine
1368 3609 1436 3657 Βῳ.)

319 3663 397 3703 Rimae
411 3664 469 3706 Ana.
484 3675 503 3703 r.
518 3665 558 3703 Fr.
613 3663 636 3714 k)
651 3663 733 3702 isaram
747 3664 821 3701 cadon
834 3674 900 3702 manu
916 3674 972 3704 corr.
987 3663 1092 3703 wisaram
1106 3664 1152 3704 131.
1208 3664 1225 3712 1)
1238 3663 1281 3702 iter
1294 3664 1347 3710 Rea.

320 3841 346 3911 1)
367 3841 408 3905 Cf.
427 3841 543 3894 Packert
561 3843 578 3896 l.
595 3843 613 3896 l.
627 3857 657 3907 p.
672 3843 732 3905 109,
750 3856 777 3894 n.
795 3842 826 3908 53
847 3839 889 3894 ‘N.
908 3839 1020 3892 Arcbiu'
1039 3839 1147 3904 XXIV,
1162 3858 1193 3907 p.
1204 3841 1257 3894 423
1269 3856 1324 3906 aq.;
1342 3837 1432 3890 Matt-

319 3913 413 3966 bacho
435 3928 478 3967 nr.
496 3914 558 3968 262.
657 3911 684 3981 2)
709 3911 768 3978 Hic,
791 3913 911 3978 wamma
928 3911 1103 3962 Mdblbocher·
1125 3927 1169 3965 nr.
1188 3911 1257 3965 2611>
1275 3914 1334 3962 istie
1354 3911 1431 3975 fidem

318 3983 429 4050 tabeat,
447 3984 526 4035 cerba
544 3983 685 4035 canalium
703 3985 876 4034 osculorum
894 3997 947 4033 oon
964 3987 1031 4034 reete
1055 3981 1184 4034 intuma
1208 3997 1263 4033 asae
1287 3982 1431 4044 videntum
1452 3996 1477 4035 40

318 4059 351 4122 ef.
364 4053 592 4121 Abel-Simsoal',
607 4071 637 4122 p.
650 4055 712 4118 458,
728 4069 755 4108 a.
768 4056 794 4108 4.
859 4053 887 4119 3)
904 4053 1000 4105 Rchme
1016 4067 1104 4119 cupra
1117 4052 1235 4107 Mindon.
1302 4052 1330 4122 4)
1349 4053 1432 4118 Rea:

317 4125 450 4181 Wachua.
558 4124 585 4194 5)
610 4125 688 4191 Rea:
712 4123 777 4176 inde
794 4139 917 4177 reversus
936 4125 983 4178 est.
1091 4123 1117 4193 6)
1143 4123 1225 4190 Rea:
1249 4139 1373 4177 reversus
1392 4126 1432 4175 est

317 4195 501 4252 Heresburch.
575 4195 601 4265 7)
621 4196 703 4261 Rea:
720 4193 773 4250 Ibi.
845 4194 873 4264 8)
892 4195 974 4261 Rea:
993 4192 1156 4262 depredatus
1175 4197 1223 4249 est.
1303 4194 1330 4264 9)
1350 4196 1430 4260 Rea:

317 4269 402 4324 Venit
420 4271 511 4321 autem
530 4267 558 4319 in
570 4265 751 4335 Bardengawi
770 4269 798 4318 et
815 4265 879 4318 inde
897 4264 977 4320 misit.
1052 4265 1096 4336 10)
1112 4267 1191 4332 Rea:
1207 4264 1240 4318 ad
1253 4265 1432 4318 Adtiniacum

317 4340 352 4394 ad
369 4357 463 4408 regem
480 4339 622 4392 venerunt.
