3322 4880
321 352 349 406 X
765 352 996 412 PRAEFATIO.

322 535 573 620 compilationem
607 535 744 600 continet
777 537 1022 621 amplissimam,
1057 560 1154 621 quoe,
1190 539 1281 604 nulla
1310 538 1440 605 ruhrico

321 623 486 706 iuscripta,
522 626 561 689 oh
595 624 732 690 historia
765 626 913 705 sabulosa
946 631 984 693 cle
1013 628 1137 710 oriyine
1164 629 1368 693 Francomm
1397 631 1442 694 ad

321 713 440 778 saeculi
462 713 696 780 munituna
719 735 816 796 usqne
832 716 1024 798 porricitur.
1077 717 1201 781 Primis
1224 716 1373 798 portibus
1402 738 1440 782 eu

321 801 473 868 Historia
494 803 698 868 Francorum
719 803 869 885 Greyorii
891 812 921 870 et
942 805 1136 888 Fredeparii
1158 805 1338 871 scholastici
1360 826 1440 886 quac

322 891 471 956 dicuntur
508 891 666 956 chronicis
703 891 842 973 haustis,
881 893 1017 975 scriptor
1053 893 1157 959 cerlis
1195 895 1241 958 Ec
1279 896 1359 978 quis
1398 897 1472 960 des

322 982 470 1064 Pippino
487 982 700 1046 mencionem
716 983 871 1059 fecimus
889 984 965 1066 quis
981 989 1173 1067 quantusve
1188 985 1305 1060 fuerit,
1327 985 1439 1048 dicere

321 1091 390 1135 non
415 1070 548 1154 pigebit
571 1070 616 1134 acl
637 1070 772 1134 annales
794 1077 918 1135 nostros
939 1093 972 1136 se
994 1071 1095 1153 uertit,
1126 1071 1239 1153 quihus
1262 1073 1306 1136 acl
1334 1093 1440 1137 eorum

321 1160 418 1238 finem
440 1179 537 1239 usque
559 1179 636 1222 usus
662 1165 716 1223 est.
771 1158 859 1223 Satis
888 1160 977 1242 lonae
999 1159 1047 1225 ita
1069 1180 1180 1242 presse
1209 1181 1260 1225 eos
1289 1160 1438 1242 sequitur,

320 1253 356 1311 ut
381 1245 514 1311 nonnisi
536 1268 646 1328 pauco
673 1268 711 1312 eu
741 1246 817 1312 aliis
845 1248 996 1330 fontibus,
1028 1248 1128 1314 Libro
1158 1248 1311 1314 historiae
1333 1250 1440 1314 Fron-

322 1356 437 1416 cormn,
459 1335 643 1401 Annalibus
658 1335 882 1418 Fuhleusihus,
899 1337 1078 1419 Repiuonis
1100 1337 1223 1402 obbatis
1238 1336 1440 1403 Prumiensis
1459 1363 1486 1401 10

321 1423 489 1490 chronico1
513 1424 726 1489 admismcerit.
767 1426 843 1506 Nec,
868 1426 926 1490 etsi
943 1427 1019 1492 inde
1040 1429 1079 1492 ab
1098 1449 1129 1491 a.
1147 1431 1229 1489 776:
1246 1426 1314 1506 fere
1336 1426 1440 1508 mayis

321 1513 485 1595 Ropinoue
522 1513 691 1595 innitatur,
730 1513 800 1579 ideo
838 1515 973 1580 annales
1010 1521 1133 1580 nostros
1171 1514 1322 1597 deseruit,
1361 1514 1440 1597 quin

320 1602 425 1682 immo,
456 1602 508 1668 hic
532 1602 601 1667 illic
630 1623 737 1667 eorum
765 1603 869 1668 uerbis
891 1603 1093 1669 Prumiensis
1123 1603 1269 1669 chronico
1299 1603 1438 1684 insertis,

320 1692 490 1756 nonnullos
512 1712 614 1756 annos
636 1690 732 1757 etiam
755 1698 820 1758 tum
843 1692 971 1757 mnnino
994 1694 1041 1757 ool
1069 1693 1223 1757 maiorem
1245 1699 1372 1774 partem
1402 1713 1440 1757 eu

321 1780 366 1846 eis
400 1779 574 1861 suscripsit.
639 1779 834 1862 Ubicumque
871 1801 910 1845 ea
947 1781 1065 1846 nostris
1102 1781 1225 1863 hausit,
1265 1781 1440 1846 orationem
1459 1805 1486 1845 15

319 1869 446 1950 quidem
467 1868 667 1949 aliquantulo
690 1869 852 1934 cultiorem
881 1872 1011 1935 reddere
1040 1870 1168 1951 studuit,
1200 1873 1255 1935 secl
1276 1891 1440 1953 perpauca

320 1957 461 2023 mutauit.
501 1958 691 2038 Plerumque
713 1958 855 2040 aliquam
873 1958 1123 2024 coniunctionem
1143 1957 1241 2040 (uelut
1255 1981 1344 2037 vera,
1362 1981 1437 2042 que,

321 2069 465 2131 quoque,
491 2048 611 2130 etiam)
635 2047 836 2128 interponere
858 2047 938 2112 satis
961 2048 1102 2129 hahebat,
1126 2048 1258 2113 nonnisi
1273 2047 1439 2113 rarissimo

321 2136 415 2200 cerlo
431 2157 552 2217 parum
575 2143 721 2201 accurato
744 2135 818 2218 lauit
840 2143 896 2201 aut
918 2159 956 2202 eo
979 2158 1044 2202 non
1066 2136 1146 2202 sutis
1168 2136 1330 2202 intellenit.
1374 2135 1440 2201 Hic

320 2223 387 2290 illic
410 2247 432 2289 a
453 2225 560 2290 scriba
582 2225 817 2290 homoeoteleuto
839 2225 877 2290 in
900 2247 1038 2291 errorem
1061 2229 1152 2292 ducto
1173 2247 1282 2307 pauca
1298 2231 1439 2306 praeter·
1458 2251 1485 2290 co

320 2313 429 2378 missa.
487 2312 659 2395 Complura
687 2313 731 2395 is,
762 2314 818 2395 qui
847 2320 942 2379 totum
972 2315 1089 2380 librum
1119 2315 1241 2380 cluahus
1270 2313 1439 2379 ucauibus²

320 2409 487 2468 euocatum
510 2403 628 2485 releyil,
658 2424 724 2468 non
746 2403 857 2485 aliqua
880 2403 1073 2485 auctoritate,
1104 2405 1160 2468 secl
1181 2402 1319 2485 propriu
1348 2402 1439 2467 aesti-

320 2493 459 2556 matione
480 2491 610 2556 innisus
639 2493 796 2574 corripere
824 2499 955 2558 conatus
981 2499 1035 2558 est.
1088 2492 1275 2556 Atrornento
1305 2491 1335 2555 is
1363 2512 1439 2554 usus

321 2586 367 2645 est
389 2579 463 2661 alio,
487 2601 603 2644 manus
626 2581 694 2659 fere
717 2582 871 2663 aequalis.

427 2685 546 2750 Edidit
567 2687 624 2750 hos
646 2688 781 2751 annales
803 2687 953 2769 iuniores,
977 2687 1100 2753 utiam
1123 2687 1293 2767 dicimusss,
1311 2684 1440 2767 primus
1459 2710 1486 2750 n

321 2774 581 2840 Franciscus
603 2775 817 2840 Duchesne
841 2774 936 2857 (ch.)
959 2776 997 2841 in
1020 2797 1110 2858 opere
1134 2775 1310 2840 ‘Historiae
1333 2775 1439 2839 Fron·

322 2885 429 2929 corum
446 2863 639 2948 Scriptores'
655 2863 817 2946 inscripto,
838 2871 858 2928 t.
875 2865 949 2944 III,
965 2886 1001 2946 p.
1019 2871 1083 2928 262
1096 2884 1161 2945 sqq.
1182 2861 1306 2942 (Paris.
1327 2868 1407 2928 1641
1407 2862 1438 2943 ).

327 2953 398 3035 Qui,
423 2973 614 3034 quamquam
636 2953 767 3018 nonnisi
790 2954 972 3035 apoprapho
998 2974 1074 3017 usus
1104 2973 1168 3016 esse
1197 2951 1330 3032 uidetur,
1362 2973 1440 3035 opus

322 3041 401 3106 sotis
430 3042 567 3121 simliter
589 3042 749 3124 expressit,
779 3042 916 3121 fontium
946 3048 1051 3106 tumen
1080 3039 1212 3106 nonnisi
1236 3047 1361 3121 purtem
1391 3061 1439 3104 aa·

316 3130 467 3212 ploravit.
529 3129 644 3196 Omisit
676 3152 714 3196 eo
747 3152 828 3212 quae
861 3152 984 3195 aunum
1018 3135 1092 3194 687.
1125 3131 1335 3211 praecedunt,
1375 3135 1440 3194 lum
1459 3155 1486 3194 so

323 3242 353 3284 a.
379 3225 578 3284 814-829.
603 3226 631 3284 ot
654 3219 873 3285 narrationem
897 3242 927 3284 a.
953 3220 1171 3283 8304—837.
1196 3239 1233 3283 eu
1256 3217 1440 3282 Annalibus

321 3308 530 3374 Bortiuianis
553 3311 736 3373 assumtam.
760 3344 803 3353 —
827 3308 1052 3374 Recensionem
1076 3306 1294 3372 Ohesniauom
1317 3306 1442 3388 repetiit

322 3396 366 3461 D.
391 3397 578 3478 Bouquet
603 3397 640 3462 in
667 3397 759 3461 tomis
781 3398 835 3461 ΙΙ.
859 3397 933 3461 ΙΙΙ.
958 3397 994 3462 V.
1019 3397 1077 3461 VI.
1101 3397 1183 3461 VII.
1208 3397 1309 3461 VIII.
1339 3396 1440 3461 colleo—
1501 3401 1503 3408 '

323 3484 420 3550 tionis
448 3507 534 3566 suae,
565 3486 620 3567 qui
649 3485 753 3566 etiam,
784 3485 839 3550 uhi
868 3507 989 3550 necesse
1018 3485 1191 3566 uidebatur,
1222 3506 1311 3549 ceros
1337 3504 1441 3549 annos

322 3574 360 3638 in
389 3575 535 3656 rnuraine
562 3573 711 3659 apposnit
740 3581 891 3656 notasque
920 3597 986 3639 non
1015 3576 1210 3656 spernendos
1241 3573 1365 3638 arliecit.
1397 3609 1439 3615 -
1460 3597 1486 3636 cs

328 3663 410 3743 Quos
432 3671 554 3728 secutus
581 3663 621 3729 G.
645 3664 691 3727 H.
716 3663 838 3729 Perta
862 3663 934 3748 (P.)
959 3664 1078 3747 etipse
1100 3663 1136 3727 in
1160 3664 1440 3727 Monumentorum

327 3751 523 3817 Germaniae
546 3752 618 3817 hist.
639 3759 718 3816 tomo
734 3752 854 3836 primo,
873 3776 907 3834 p.
925 3759 1077 3834 316sqq,
1099 3751 1282 3818 Chesniana
1305 3750 1440 3816 editione

325 3979 350 4047 1)
378 3980 453 4043 Quod
470 3981 550 4031 otiam
568 3983 597 4030 in
616 3981 699 4031 codice
716 3981 889 4033 Dunclmausi
902 3987 964 4048 post
982 3981 1102 4032 Annales
1121 3981 1257 4031 Mottensos
1271 3983 1379 4046 priores
1400 3983 1441 4030 tn-

323 4053 410 4102 oenr'rt
434 4067 519 4118 supra
543 4057 581 4117 (p.
599 4051 635 4110 V)
660 4054 872 4106 memoravimus.
953 4051 980 4120 2)
1009 4052 1130 4114 Quarum
1149 4057 1237 4103 tamon
1256 4054 1348 4118 primo
1367 4051 1441 4117 louyo

323 4125 472 4174 rnaulmam
486 4128 594 4188 partam
612 4126 730 4189 scripsit,
794 4123 821 4191 3)
842 4124 884 4186 cf.
903 4139 989 4189 supro
1007 4141 1033 4189 p.
1051 4123 1080 4176 V.
1143 4123 1173 4189 4)
1193 4123 1275 4174 Gesta
1293 4123 1363 4174 anni
1379 4125 1440 4176 830.
1459 4138 1487 4176 40

323 4195 353 4245 in
371 4193 422 4244 hac
440 4194 621 4262 compthrtc'one
640 4194 686 4261 bis,
704 4195 786 4246 semel
802 4211 835 4245 ccc
854 4194 1006 4244 Annalibus
1024 4194 1196 4246 Mettensibus
1212 4195 1361 4262 putoribus,
1385 4199 1440 4244 tum

323 4282 357 4319 coc
373 4265 525 4318 Annalibus
542 4267 710 4319 Berttnianr's
728 4267 888 4329 referuntur
895 4282 907 4329 ;
925 4266 960 4329 cf.
977 4265 1157 4332 Wattenbach,
1176 4267 1219 4320 (Ν,
1235 4265 1346 4317 Archio’
1360 4265 1440 4329 XVI,

320 4355 349 4405 p.
369 4339 429 4392 607.
449 4342 472 4390 et
493 4340 572 4403 iufra
591 4355 619 4406 p.
637 4341 696 4403 105,
715 4355 740 4389 n.
761 4341 784 4392 1.
