<?xml version="1.0" encoding="UTF-8"?>
<!DOCTYPE html PUBLIC "-//W3C//DTD XHTML 1.0 Transitional//EN"
    "http://www.w3.org/TR/xhtml1/DTD/xhtml1-transitional.dtd">
<html xmlns="http://www.w3.org/1999/xhtml" xml:lang="en" lang="en">
 <head>
  <title>
</title>
<meta http-equiv="Content-Type" content="text/html;charset=utf-8" />
  <meta name='ocr-system' content='tesseract 3.04.00' />
  <meta name='ocr-capabilities' content='ocr_page ocr_carea ocr_par ocr_line ocrx_word'/>
</head>
<body>
  <div class='ocr_page' id='page_1' title='image "annalesmettense00simsgoog_0089.png"; bbox 0 0 3304 4892; ppageno 0'>
   <div class='ocr_carea' id='block_1_1' title="bbox 358 406 1334 467">
    <p class='ocr_par' dir='ltr' id='par_1_1' title="bbox 358 406 1334 467">
     <span class='ocr_line' id='line_1_1' title="bbox 358 406 1334 467; baseline 0.003 -3"><span class='ocrx_word' id='word_1_1' title='bbox 358 407 540 464; x_wconf 79' lang='lat' dir='ltr'>ANNALES</span> <span class='ocrx_word' id='word_1_2' title='bbox 557 406 784 463; x_wconf 74' lang='lat' dir='ltr'>METTENSES</span> <span class='ocrx_word' id='word_1_3' title='bbox 802 406 976 464; x_wconf 76' lang='lat' dir='ltr'>PRIORas.</span> <span class='ocrx_word' id='word_1_4' title='bbox 1006 409 1042 466; x_wconf 82' lang='lat' dir='ltr'>A.</span> <span class='ocrx_word' id='word_1_5' title='bbox 1055 413 1115 466; x_wconf 79' lang='lat'>778.</span> <span class='ocrx_word' id='word_1_6' title='bbox 1129 413 1189 467; x_wconf 78' lang='lat'>7⁷9.</span> <span class='ocrx_word' id='word_1_7' title='bbox 1299 412 1334 466; x_wconf 83' lang='grc'>87</span> 
     </span>
    </p>
   </div>
   <div class='ocr_carea' id='block_1_2' title="bbox 173 573 1453 2274">
    <p class='ocr_par' dir='ltr' id='par_1_2' title="bbox 216 573 1453 939">
     <span class='ocr_line' id='line_1_2' title="bbox 216 573 1453 684; baseline -0.001 -26"><span class='ocrx_word' id='word_1_8' title='bbox 216 591 548 658; x_wconf 83' lang='lat' dir='ltr'>innumerabilibus¹</span> <span class='ocrx_word' id='word_1_9' title='bbox 570 590 787 676; x_wconf 79' lang='lat' dir='ltr'>legionibus²</span> <span class='ocrx_word' id='word_1_10' title='bbox 808 593 885 656; x_wconf 90' lang='lat' dir='ltr'>tota</span> <span class='ocrx_word' id='word_1_11' title='bbox 904 589 1095 676; x_wconf 79' lang='lat' dir='ltr'>Hispania⁸</span> <span class='ocrx_word' id='word_1_12' title='bbox 1115 593 1333 658; x_wconf 86' lang='lat' dir='ltr'>contremuit.</span> <span class='ocrx_word' id='word_1_13' title='bbox 1343 573 1404 684; x_wconf 57' lang='lat'>{⁷}</span> <span class='ocrx_word' id='word_1_14' title='bbox 1412 642 1453 682; x_wconf 54' lang='lat' dir='ltr'>F„</span> 
     </span>
     <span class='ocr_line' id='line_1_3' title="bbox 217 677 1335 763; baseline -0.003 -13"><span class='ocrx_word' id='word_1_15' title='bbox 217 695 464 750; x_wconf 87' lang='lat' dir='ltr'>Coniunxerunt</span> <span class='ocrx_word' id='word_1_16' title='bbox 489 677 607 746; x_wconf 81' lang='lat' dir='ltr'>aute&#39;m</span> <span class='ocrx_word' id='word_1_17' title='bbox 632 708 661 746; x_wconf 86' lang='lat' dir='ltr'>se</span> <span class='ocrx_word' id='word_1_18' title='bbox 686 695 843 760; x_wconf 87' lang='lat' dir='ltr'>uterque</span> <span class='ocrx_word' id='word_1_19' title='bbox 861 691 997 746; x_wconf 82' lang='lat' dir='ltr'>exereitus</span> <span class='ocrx_word' id='word_1_20' title='bbox 1016 691 1052 745; x_wconf 92' lang='lat' dir='ltr'>ad</span> <span class='ocrx_word' id='word_1_21' title='bbox 1070 685 1335 763; x_wconf 71' lang='lat' dir='ltr'><strong>cesaraugustam</strong></span> 
     </span>
     <span class='ocr_line' id='line_1_4' title="bbox 217 769 1335 851; baseline 0 -16"><span class='ocrx_word' id='word_1_22' title='bbox 217 769 488 836; x_wconf 79' lang='lat' dir='ltr'>munitissimam³</span> <span class='ocrx_word' id='word_1_23' title='bbox 509 776 636 843; x_wconf 87' lang='lat' dir='ltr'>urbem;</span> <span class='ocrx_word' id='word_1_24' title='bbox 660 775 694 832; x_wconf 91' lang='lat' dir='ltr'>in</span> <span class='ocrx_word' id='word_1_25' title='bbox 717 792 781 850; x_wconf 79' lang='lat' dir='ltr'>qua</span> <span class='ocrx_word' id='word_1_26' title='bbox 802 775 1000 850; x_wconf 79' lang='lat' dir='ltr'>expeditione</span> <span class='ocrx_word' id='word_1_27' title='bbox 1019 780 1185 834; x_wconf 84' lang='lat' dir='ltr'>obsid-ibus</span> <span class='ocrx_word' id='word_1_28' title='bbox 1205 782 1335 851; x_wconf 74' lang='lat' dir='ltr'>receptis</span> 
     </span>
     <span class='ocr_line' id='line_1_5' title="bbox 218 863 1335 939; baseline -0.003 -13"><span class='ocrx_word' id='word_1_29' title='bbox 218 873 259 927; x_wconf 94' lang='lat' dir='ltr'>ab</span> <span class='ocrx_word' id='word_1_30' title='bbox 289 870 455 925; x_wconf 83' lang='lat' dir='ltr'>Abinolsrbi</span> <span class='ocrx_word' id='word_1_31' title='bbox 485 875 514 923; x_wconf 89' lang='lat' dir='ltr'>et</span> <span class='ocrx_word' id='word_1_32' title='bbox 543 867 750 939; x_wconf 63' lang='lat' dir='ltr'>ipsuum-⁴,</span> <span class='ocrx_word' id='word_1_33' title='bbox 786 868 951 938; x_wconf 88' lang='lat' dir='ltr'>Pampilona</span> <span class='ocrx_word' id='word_1_34' title='bbox 988 863 1170 921; x_wconf 78' lang='lat' dir='ltr'>firmissima</span> <span class='ocrx_word' id='word_1_35' title='bbox 1207 864 1335 923; x_wconf 79' lang='lat' dir='ltr'>civitate</span> 
     </span>
    </p>

    <p class='ocr_par' dir='ltr' id='par_1_3' title="bbox 181 947 1343 1385">
     <span class='ocr_line' id='line_1_6' title="bbox 181 947 1335 1030; baseline -0.001 -16"><span class='ocrx_word' id='word_1_36' title='bbox 181 973 195 1014; x_wconf 80' lang='lat' dir='ltr'>t</span> <span class='ocrx_word' id='word_1_37' title='bbox 218 947 333 1030; x_wconf 80' lang='lat' dir='ltr'>capta⁶</span> <span class='ocrx_word' id='word_1_38' title='bbox 361 957 457 1029; x_wconf 78' lang='lat' dir='ltr'>atque</span> <span class='ocrx_word' id='word_1_39' title='bbox 488 958 636 1026; x_wconf 81' lang='lat' dir='ltr'>destructa,</span> <span class='ocrx_word' id='word_1_40' title='bbox 663 957 803 1027; x_wconf 86' lang='lat' dir='ltr'>Hispanis,</span> <span class='ocrx_word' id='word_1_41' title='bbox 824 957 1006 1012; x_wconf 75' lang='lat' dir='ltr'>wasconibus</span> <span class='ocrx_word' id='word_1_42' title='bbox 1037 961 1065 1012; x_wconf 82' lang='lat' dir='ltr'>et</span> <span class='ocrx_word' id='word_1_43' title='bbox 1091 957 1243 1012; x_wconf 74' lang='lat' dir='ltr'>Nabarrise</span> <span class='ocrx_word' id='word_1_44' title='bbox 1274 959 1335 1013; x_wconf 87' lang='lat' dir='ltr'>sub·</span> 
     </span>
     <span class='ocr_line' id='line_1_7' title="bbox 217 1042 1335 1121; baseline -0.004 -16"><span class='ocrx_word' id='word_1_45' title='bbox 217 1048 348 1121; x_wconf 76' lang='lat' dir='ltr'>iugatisd,</span> <span class='ocrx_word' id='word_1_46' title='bbox 371 1043 527 1100; x_wconf 81' lang='lat' dir='ltr'>victorin</span> <span class='ocrx_word' id='word_1_47' title='bbox 549 1042 685 1116; x_wconf 85' lang='lat' dir='ltr'>patriam</span> <span class='ocrx_word' id='word_1_48' title='bbox 709 1063 833 1101; x_wconf 86' lang='lat' dir='ltr'>reversus</span> <span class='ocrx_word' id='word_1_49' title='bbox 858 1044 917 1098; x_wconf 83' lang='lat' dir='ltr'>est.</span> <span class='ocrx_word' id='word_1_50' title='bbox 961 1045 1032 1100; x_wconf 90' lang='lat' dir='ltr'>Cum</span> <span class='ocrx_word' id='word_1_51' title='bbox 1053 1046 1191 1101; x_wconf 72' lang='lat' dir='ltr'>audissent</span> <span class='ocrx_word' id='word_1_52' title='bbox 1216 1051 1335 1100; x_wconf 87' lang='lat' dir='ltr'>autem</span> 
     </span>
     <span class='ocr_line' id='line_1_8' title="bbox 218 1129 1334 1206; baseline -0.005 -13"><span class='ocrx_word' id='word_1_53' title='bbox 218 1138 349 1206; x_wconf 81' lang='lat' dir='ltr'>Saxones,</span> <span class='ocrx_word' id='word_1_54' title='bbox 374 1137 449 1206; x_wconf 89' lang='lat' dir='ltr'>quod</span> <span class='ocrx_word' id='word_1_55' title='bbox 476 1131 631 1188; x_wconf 86' lang='lat' dir='ltr'>exercitus</span> <span class='ocrx_word' id='word_1_56' title='bbox 653 1130 847 1187; x_wconf 83' lang='lat' dir='ltr'>Francorum</span> <span class='ocrx_word' id='word_1_57' title='bbox 869 1131 903 1186; x_wconf 92' lang='lat' dir='ltr'>in</span> <span class='ocrx_word' id='word_1_58' title='bbox 926 1129 1113 1204; x_wconf 83' lang='lat' dir='ltr'>Hispaniam</span> <span class='ocrx_word' id='word_1_59' title='bbox 1136 1131 1334 1205; x_wconf 84' lang='lat' dir='ltr'>perrexisset,</span> 
     </span>
     <span class='ocr_line' id='line_1_9' title="bbox 218 1212 1343 1297; baseline -0.003 -18"><span class='ocrx_word' id='word_1_60' title='bbox 218 1222 429 1297; x_wconf 75' lang='lat' dir='ltr'>persuadente</span> <span class='ocrx_word' id='word_1_61' title='bbox 457 1212 599 1294; x_wconf 77' lang='lat' dir='ltr'>perfido⁶</span> <span class='ocrx_word' id='word_1_62' title='bbox 628 1215 817 1276; x_wconf 79' lang='lat' dir='ltr'>Witicindo0</span> <span class='ocrx_word' id='word_1_63' title='bbox 850 1227 885 1278; x_wconf 87' lang='lat' dir='ltr'>et</span> <span class='ocrx_word' id='word_1_64' title='bbox 914 1224 1008 1278; x_wconf 86' lang='lat' dir='ltr'>sociis</span> <span class='ocrx_word' id='word_1_65' title='bbox 1038 1225 1105 1294; x_wconf 87' lang='lat' dir='ltr'>sius,</span> <span class='ocrx_word' id='word_1_66' title='bbox 1136 1219 1314 1294; x_wconf 82' lang='lat' dir='ltr'>postposita</span> <span class='ocrx_word' id='word_1_67' title='bbox 1322 1212 1343 1268; x_wconf 55' lang='lat' dir='ltr'>,r-</span> 
     </span>
     <span class='ocr_line' id='line_1_10' title="bbox 216 1307 1335 1385; baseline -0.001 -18"><span class='ocrx_word' id='word_1_68' title='bbox 216 1311 292 1381; x_wconf 87' lang='lat' dir='ltr'>flde,</span> <span class='ocrx_word' id='word_1_69' title='bbox 315 1327 411 1385; x_wconf 86' lang='lat' dir='ltr'>quam</span> <span class='ocrx_word' id='word_1_70' title='bbox 432 1309 652 1383; x_wconf 85' lang='lat' dir='ltr'>promiserant,</span> <span class='ocrx_word' id='word_1_71' title='bbox 675 1308 710 1366; x_wconf 89' lang='lat' dir='ltr'>in</span> <span class='ocrx_word' id='word_1_72' title='bbox 731 1307 812 1364; x_wconf 85' lang='lat' dir='ltr'>fines</span> <span class='ocrx_word' id='word_1_73' title='bbox 829 1307 1022 1366; x_wconf 81' lang='lat' dir='ltr'>Francorum</span> <span class='ocrx_word' id='word_1_74' title='bbox 1044 1309 1225 1383; x_wconf 85' lang='lat' dir='ltr'>irruperunt</span> <span class='ocrx_word' id='word_1_75' title='bbox 1247 1309 1335 1366; x_wconf 86' lang='lat' dir='ltr'>iuxta</span> 
     </span>
    </p>

    <p class='ocr_par' dir='ltr' id='par_1_4' title="bbox 173 1385 1336 1828">
     <span class='ocr_line' id='line_1_11' title="bbox 173 1385 1335 1472; baseline -0.003 -14"><span class='ocrx_word' id='word_1_76' title='bbox 173 1418 201 1458; x_wconf 80' lang='lat' dir='ltr'>ro</span> <span class='ocrx_word' id='word_1_77' title='bbox 217 1385 382 1457; x_wconf 73' lang='lat' dir='ltr'>Hrennmr</span> <span class='ocrx_word' id='word_1_78' title='bbox 400 1397 534 1455; x_wconf 88' lang='lat' dir='ltr'>fluvium</span> <span class='ocrx_word' id='word_1_79' title='bbox 555 1400 731 1464; x_wconf 78' lang='lat' dir='ltr'>vastantes,</span> <span class='ocrx_word' id='word_1_80' title='bbox 754 1397 873 1454; x_wconf 86' lang='lat' dir='ltr'>multas</span> <span class='ocrx_word' id='word_1_81' title='bbox 892 1401 1019 1472; x_wconf 73' lang='lat' dir='ltr'>ecclesias</span> <span class='ocrx_word' id='word_1_82' title='bbox 1039 1403 1226 1471; x_wconf 79' lang='lat' dir='ltr'>incendentes,</span> <span class='ocrx_word' id='word_1_83' title='bbox 1243 1397 1335 1472; x_wconf 87' lang='lat' dir='ltr'>pluri·</span> 
     </span>
     <span class='ocr_line' id='line_1_12' title="bbox 217 1483 1336 1563; baseline 0 -17"><span class='ocrx_word' id='word_1_84' title='bbox 217 1505 332 1563; x_wconf 83' lang='lat' dir='ltr'>maque</span> <span class='ocrx_word' id='word_1_85' title='bbox 370 1487 487 1544; x_wconf 86' lang='lat' dir='ltr'>scelera</span> <span class='ocrx_word' id='word_1_86' title='bbox 524 1486 727 1544; x_wconf 78' lang='lat' dir='ltr'>comiserunt.</span> <span class='ocrx_word' id='word_1_87' title='bbox 786 1483 903 1542; x_wconf 82' lang='lat' dir='ltr'>Contra</span> <span class='ocrx_word' id='word_1_88' title='bbox 937 1501 1016 1560; x_wconf 89' lang='lat' dir='ltr'>quos</span> <span class='ocrx_word' id='word_1_89' title='bbox 1050 1492 1101 1545; x_wconf 88' lang='lat' dir='ltr'>sub</span> <span class='ocrx_word' id='word_1_90' title='bbox 1137 1492 1336 1546; x_wconf 79' lang='lat' dir='ltr'>celeritate</span> 
     </span>
     <span class='ocr_line' id='line_1_13' title="bbox 218 1572 1335 1636; baseline -0.002 -2"><span class='ocrx_word' id='word_1_91' title='bbox 218 1576 349 1634; x_wconf 82' lang='lat' dir='ltr'>Carolus</span> <span class='ocrx_word' id='word_1_92' title='bbox 372 1593 427 1634; x_wconf 89' lang='lat' dir='ltr'>rex</span> <span class='ocrx_word' id='word_1_93' title='bbox 445 1576 617 1633; x_wconf 84' lang='lat' dir='ltr'>exercitum</span> <span class='ocrx_word' id='word_1_94' title='bbox 639 1579 742 1636; x_wconf 87' lang='lat' dir='ltr'>misit.</span> <span class='ocrx_word' id='word_1_95' title='bbox 778 1574 847 1631; x_wconf 88' lang='lat' dir='ltr'>Hoc</span> <span class='ocrx_word' id='word_1_96' title='bbox 865 1591 938 1632; x_wconf 84' lang='lat' dir='ltr'>cum</span> <span class='ocrx_word' id='word_1_97' title='bbox 954 1572 1130 1632; x_wconf 70' lang='lat' dir='ltr'>saxonibus</span> <span class='ocrx_word' id='word_1_98' title='bbox 1151 1575 1335 1632; x_wconf 87' lang='lat' dir='ltr'>nuntiatum</span> 
     </span>
     <span class='ocr_line' id='line_1_14' title="bbox 217 1665 1334 1740; baseline 0 -16"><span class='ocrx_word' id='word_1_99' title='bbox 217 1669 312 1735; x_wconf 83' lang='lat' dir='ltr'>esset,</span> <span class='ocrx_word' id='word_1_100' title='bbox 327 1666 438 1740; x_wconf 75' lang='lat' dir='ltr'>fugam</span> <span class='ocrx_word' id='word_1_101' title='bbox 453 1665 594 1722; x_wconf 79' lang='lat' dir='ltr'>inierunt</span> <span class='ocrx_word' id='word_1_102' title='bbox 612 1669 718 1722; x_wconf 84' lang='lat' dir='ltr'>iuxta</span> <span class='ocrx_word' id='word_1_103' title='bbox 735 1667 851 1722; x_wconf 81' lang='lat' dir='ltr'>fluvium</span> <span class='ocrx_word' id='word_1_104' title='bbox 869 1669 945 1722; x_wconf 88' lang='lat' dir='ltr'>onius</span> <span class='ocrx_word' id='word_1_105' title='bbox 958 1669 1121 1723; x_wconf 86' lang='lat' dir='ltr'>vocabulum</span> <span class='ocrx_word' id='word_1_106' title='bbox 1140 1673 1182 1724; x_wconf 90' lang='lat' dir='ltr'>est</span> <span class='ocrx_word' id='word_1_107' title='bbox 1193 1669 1334 1739; x_wconf 80' lang='lat' dir='ltr'>Adama⁸,</span> 
     </span>
     <span class='ocr_line' id='line_1_15' title="bbox 217 1753 1336 1828; baseline -0.004 -14"><span class='ocrx_word' id='word_1_108' title='bbox 217 1762 246 1814; x_wconf 90' lang='lat' dir='ltr'>in</span> <span class='ocrx_word' id='word_1_109' title='bbox 271 1761 333 1814; x_wconf 90' lang='lat' dir='ltr'>loco</span> <span class='ocrx_word' id='word_1_110' title='bbox 359 1759 406 1828; x_wconf 88' lang='lat' dir='ltr'>qui</span> <span class='ocrx_word' id='word_1_111' title='bbox 431 1759 533 1813; x_wconf 86' lang='lat' dir='ltr'>dicitur</span> <span class='ocrx_word' id='word_1_112' title='bbox 556 1757 716 1817; x_wconf 79' lang='lat' dir='ltr'>Lehesis·⁹‚</span> <span class='ocrx_word' id='word_1_113' title='bbox 759 1755 805 1811; x_wconf 90' lang='lat' dir='ltr'>Ibi</span> <span class='ocrx_word' id='word_1_114' title='bbox 830 1753 926 1826; x_wconf 88' lang='lat' dir='ltr'>prelio</span> <span class='ocrx_word' id='word_1_115' title='bbox 953 1753 1121 1811; x_wconf 87' lang='lat' dir='ltr'>commisso</span> <span class='ocrx_word' id='word_1_116' title='bbox 1144 1753 1336 1810; x_wconf 56' lang='lat' dir='ltr'>&amp;ancorum</span> 
     </span>
    </p>

    <p class='ocr_par' dir='ltr' id='par_1_5' title="bbox 173 1839 1443 2183">
     <span class='ocr_line' id='line_1_16' title="bbox 173 1839 1336 1916; baseline -0.003 -14"><span class='ocrx_word' id='word_1_117' title='bbox 173 1861 199 1902; x_wconf 72' lang='grc' dir='ltr'>ιο</span> <span class='ocrx_word' id='word_1_118' title='bbox 217 1844 348 1902; x_wconf 85' lang='lat' dir='ltr'>victoria</span> <span class='ocrx_word' id='word_1_119' title='bbox 371 1843 443 1911; x_wconf 79' lang='lat' dir='ltr'>fuit,</span> <span class='ocrx_word' id='word_1_120' title='bbox 464 1842 638 1916; x_wconf 83' lang='lat' dir='ltr'>ceciditque</span> <span class='ocrx_word' id='word_1_121' title='bbox 655 1841 694 1898; x_wconf 94' lang='lat' dir='ltr'>de</span> <span class='ocrx_word' id='word_1_122' title='bbox 713 1839 889 1898; x_wconf 81' lang='lat' dir='ltr'>Saxonibus</span> <span class='ocrx_word' id='word_1_123' title='bbox 907 1847 1056 1902; x_wconf 86' lang='lat' dir='ltr'>multitudo</span> <span class='ocrx_word' id='word_1_124' title='bbox 1075 1843 1224 1911; x_wconf 82' lang='lat' dir='ltr'>maxima,</span> <span class='ocrx_word' id='word_1_125' title='bbox 1241 1841 1336 1899; x_wconf 84' lang='lat' dir='ltr'>ceteri</span> 
     </span>
     <span class='ocr_line' id='line_1_17' title="bbox 217 1923 1337 2009; baseline -0.002 -19"><span class='ocrx_word' id='word_1_126' title='bbox 217 1934 351 2008; x_wconf 84' lang='lat' dir='ltr'>turpiter</span> <span class='ocrx_word' id='word_1_127' title='bbox 361 1925 397 2001; x_wconf 74' lang='lat'>¹⁰,</span> <span class='ocrx_word' id='word_1_128' title='bbox 428 1925 535 2009; x_wconf 79' lang='lat' dir='ltr'>preda</span> <span class='ocrx_word' id='word_1_129' title='bbox 565 1923 698 2000; x_wconf 79' lang='lat' dir='ltr'>amissa,</span> <span class='ocrx_word' id='word_1_130' title='bbox 727 1929 804 2004; x_wconf 82' lang='lat' dir='ltr'>fuga</span> <span class='ocrx_word' id='word_1_131' title='bbox 829 1930 911 2004; x_wconf 84' lang='lat' dir='ltr'>lapsi</span> <span class='ocrx_word' id='word_1_132' title='bbox 937 1953 1001 1990; x_wconf 89' lang='lat' dir='ltr'>cum</span> <span class='ocrx_word' id='word_1_133' title='bbox 1031 1937 1205 1992; x_wconf 84' lang='lat' dir='ltr'>contumelia</span> <span class='ocrx_word' id='word_1_134' title='bbox 1234 1935 1337 1991; x_wconf 87' lang='lat' dir='ltr'>reversi</span> 
     </span>
     <span class='ocr_line' id='line_1_18' title="bbox 218 2001 1443 2120; baseline -0.002 -40"><span class='ocrx_word' id='word_1_135' title='bbox 218 2031 282 2081; x_wconf 86' lang='lat' dir='ltr'>sunt</span> <span class='ocrx_word' id='word_1_136' title='bbox 299 2027 340 2081; x_wconf 86' lang='lat' dir='ltr'>ad</span> <span class='ocrx_word' id='word_1_137' title='bbox 357 2025 516 2095; x_wconf 87' lang='lat' dir='ltr'>propria.</span> <span class='ocrx_word' id='word_1_138' title='bbox 547 2023 703 2078; x_wconf 81' lang='lat' dir='ltr'>Celebravit</span> <span class='ocrx_word' id='word_1_139' title='bbox 721 2027 840 2078; x_wconf 88' lang='lat' dir='ltr'>autem</span> <span class='ocrx_word' id='word_1_140' title='bbox 857 2041 908 2077; x_wconf 83' lang='lat' dir='ltr'>rex</span> <span class='ocrx_word' id='word_1_141' title='bbox 924 2025 1046 2078; x_wconf 86' lang='lat' dir='ltr'>natalem</span> <span class='ocrx_word' id='word_1_142' title='bbox 1058 2025 1170 2078; x_wconf 90' lang='lat' dir='ltr'>Domini</span> <span class='ocrx_word' id='word_1_143' title='bbox 1189 2029 1217 2080; x_wconf 86' lang='lat' dir='ltr'>et</span> <span class='ocrx_word' id='word_1_144' title='bbox 1234 2001 1443 2120; x_wconf 40' lang='lat' dir='ltr'>pasehaffln·</span> 
     </span>
     <span class='ocr_line' id='line_1_19' title="bbox 217 2111 725 2183; baseline -0.004 -14"><span class='ocrx_word' id='word_1_145' title='bbox 217 2117 247 2169; x_wconf 91' lang='lat' dir='ltr'>in</span> <span class='ocrx_word' id='word_1_146' title='bbox 264 2117 331 2170; x_wconf 86' lang='lat' dir='ltr'>villa</span> <span class='ocrx_word' id='word_1_147' title='bbox 348 2132 419 2183; x_wconf 83' lang='lat' dir='ltr'>quae</span> <span class='ocrx_word' id='word_1_148' title='bbox 437 2113 539 2166; x_wconf 83' lang='lat' dir='ltr'>dicitnr</span> <span class='ocrx_word' id='word_1_149' title='bbox 555 2111 725 2167; x_wconf 81' lang='lat' dir='ltr'>Heristsllio.</span> 
     </span>
    </p>

    <p class='ocr_par' dir='ltr' id='par_1_6' title="bbox 325 2202 1333 2274">
     <span class='ocr_line' id='line_1_20' title="bbox 325 2202 1333 2274; baseline -0.003 -1"><span class='ocrx_word' id='word_1_150' title='bbox 325 2202 449 2274; x_wconf 81' lang='lat' dir='ltr'>Annoh</span> <span class='ocrx_word' id='word_1_151' title='bbox 491 2207 683 2273; x_wconf 85' lang='lat' dir='ltr'>dominicae</span> <span class='ocrx_word' id='word_1_152' title='bbox 727 2207 974 2271; x_wconf 84' lang='lat' dir='ltr'>incarnationis</span> <span class='ocrx_word' id='word_1_153' title='bbox 1019 2207 1333 2272; x_wconf 86' lang='lat' dir='ltr'>DCCLXXVIIII.</span> 
     </span>
    </p>
   </div>
   <div class='ocr_carea' id='block_1_3' title="bbox 173 2295 1451 2824">
    <p class='ocr_par' dir='ltr' id='par_1_7' title="bbox 173 2295 1451 2734">
     <span class='ocr_line' id='line_1_21' title="bbox 173 2295 1451 2364; baseline -0.005 0"><span class='ocrx_word' id='word_1_154' title='bbox 173 2325 200 2363; x_wconf 81' lang='lat' dir='ltr'>ro</span> <span class='ocrx_word' id='word_1_155' title='bbox 219 2305 348 2364; x_wconf 87' lang='lat' dir='ltr'>Carolus</span> <span class='ocrx_word' id='word_1_156' title='bbox 378 2321 433 2362; x_wconf 86' lang='lat' dir='ltr'>rex</span> <span class='ocrx_word' id='word_1_157' title='bbox 462 2306 655 2361; x_wconf 86' lang='lat' dir='ltr'>conventum</span> <span class='ocrx_word' id='word_1_158' title='bbox 684 2302 796 2360; x_wconf 85' lang='lat' dir='ltr'>habuit</span> <span class='ocrx_word' id='word_1_159' title='bbox 817 2302 1010 2360; x_wconf 84' lang='lat' dir='ltr'>Francorum</span> <span class='ocrx_word' id='word_1_160' title='bbox 1020 2295 1047 2334; x_wconf 83' lang='lat'>¹¹</span> <span class='ocrx_word' id='word_1_161' title='bbox 1071 2310 1100 2361; x_wconf 88' lang='lat' dir='ltr'>in</span> <span class='ocrx_word' id='word_1_162' title='bbox 1125 2308 1243 2363; x_wconf 85' lang='lat' dir='ltr'>Duriai.</span> <span class='ocrx_word' id='word_1_163' title='bbox 1292 2297 1335 2358; x_wconf 92' lang='lat' dir='ltr'>In</span> <span class='ocrx_word' id='word_1_164' title='bbox 1346 2323 1373 2361; x_wconf 69' lang='lat' dir='ltr'>r.</span> <span class='ocrx_word' id='word_1_165' title='bbox 1384 2331 1403 2359; x_wconf 80' lang='lat' dir='ltr'>r.</span> <span class='ocrx_word' id='word_1_166' title='bbox 1411 2319 1451 2358; x_wconf 81' lang='lat' dir='ltr'>rr.</span> 
     </span>
     <span class='ocr_line' id='line_1_22' title="bbox 219 2384 1338 2472; baseline 0.002 -20"><span class='ocrx_word' id='word_1_167' title='bbox 219 2410 286 2472; x_wconf 88' lang='lat' dir='ltr'>quo</span> <span class='ocrx_word' id='word_1_168' title='bbox 310 2388 415 2454; x_wconf 71' lang='lat' dir='ltr'>etiam</span> <span class='ocrx_word' id='word_1_169' title='bbox 438 2387 568 2470; x_wconf 77' lang='lat' dir='ltr'>placito</span> <span class='ocrx_word' id='word_1_170' title='bbox 579 2384 605 2424; x_wconf 72' lang='lat'>¹²</span> <span class='ocrx_word' id='word_1_171' title='bbox 629 2396 835 2451; x_wconf 83' lang='lat' dir='ltr'>Hildebrandus</span> <span class='ocrx_word' id='word_1_172' title='bbox 859 2396 916 2449; x_wconf 90' lang='lat' dir='ltr'>dux</span> <span class='ocrx_word' id='word_1_173' title='bbox 937 2396 1116 2465; x_wconf 77' lang='lat' dir='ltr'>spolitsmnk</span> <span class='ocrx_word' id='word_1_174' title='bbox 1138 2414 1200 2451; x_wconf 84' lang='lat' dir='ltr'>oum</span> <span class='ocrx_word' id='word_1_175' title='bbox 1224 2400 1338 2454; x_wconf 86' lang='lat' dir='ltr'>multis</span> 
     </span>
     <span class='ocr_line' id='line_1_23' title="bbox 218 2473 1337 2555; baseline -0.003 -12"><span class='ocrx_word' id='word_1_176' title='bbox 218 2489 404 2544; x_wconf 85' lang='lat' dir='ltr'>muneribus</span> <span class='ocrx_word' id='word_1_177' title='bbox 441 2485 473 2539; x_wconf 87' lang='lat' dir='ltr'>et</span> <span class='ocrx_word' id='word_1_178' title='bbox 512 2481 649 2538; x_wconf 87' lang='lat' dir='ltr'>donariis</span> <span class='ocrx_word' id='word_1_179' title='bbox 660 2473 687 2512; x_wconf 77' lang='lat'>1³</span> <span class='ocrx_word' id='word_1_180' title='bbox 723 2481 820 2538; x_wconf 87' lang='lat' dir='ltr'>venit.</span> <span class='ocrx_word' id='word_1_181' title='bbox 886 2480 924 2536; x_wconf 93' lang='lat' dir='ltr'>In</span> <span class='ocrx_word' id='word_1_182' title='bbox 967 2480 1140 2555; x_wconf 83' lang='lat' dir='ltr'>eodemque</span> <span class='ocrx_word' id='word_1_183' title='bbox 1178 2487 1337 2541; x_wconf 82' lang='lat' dir='ltr'>conventu</span> 
     </span>
     <span class='ocr_line' id='line_1_24' title="bbox 219 2561 1337 2648; baseline 0.002 -18"><span class='ocrx_word' id='word_1_184' title='bbox 219 2573 380 2648; x_wconf 90' lang='lat' dir='ltr'>dispositis</span> <span class='ocrx_word' id='word_1_185' title='bbox 403 2571 454 2628; x_wconf 88' lang='lat' dir='ltr'>his</span> <span class='ocrx_word' id='word_1_186' title='bbox 479 2587 560 2645; x_wconf 87' lang='lat' dir='ltr'>quae</span> <span class='ocrx_word' id='word_1_187' title='bbox 589 2569 766 2626; x_wconf 82' lang='lat' dir='ltr'>necessaria</span> <span class='ocrx_word' id='word_1_188' title='bbox 796 2561 932 2636; x_wconf 61' lang='lat' dir='ltr'>crantss,</span> <span class='ocrx_word' id='word_1_189' title='bbox 963 2574 1088 2643; x_wconf 80' lang='lat' dir='ltr'>partibus</span> <span class='ocrx_word' id='word_1_190' title='bbox 1117 2575 1254 2630; x_wconf 84' lang='lat' dir='ltr'>Saxoniae</span> <span class='ocrx_word' id='word_1_191' title='bbox 1284 2578 1337 2632; x_wconf 81' lang='lat' dir='ltr'>itcr</span> 
     </span>
     <span class='ocr_line' id='line_1_25' title="bbox 219 2658 1336 2734; baseline -0.002 -13"><span class='ocrx_word' id='word_1_192' title='bbox 219 2667 374 2734; x_wconf 86' lang='lat' dir='ltr'>direxit,</span> <span class='ocrx_word' id='word_1_193' title='bbox 412 2665 447 2720; x_wconf 77' lang='lat' dir='ltr'>ad</span> <span class='ocrx_word' id='word_1_194' title='bbox 483 2662 710 2734; x_wconf 65' lang='lat' dir='ltr'>lippiham-1⁶</span> <span class='ocrx_word' id='word_1_195' title='bbox 745 2658 898 2731; x_wconf 89' lang='lat' dir='ltr'>pervenit.</span> <span class='ocrx_word' id='word_1_196' title='bbox 955 2658 1200 2733; x_wconf 84' lang='lat' dir='ltr'>Transieotoque</span> <span class='ocrx_word' id='word_1_197' title='bbox 1238 2661 1336 2730; x_wconf 87' lang='lat' dir='ltr'>Reno,</span> 
     </span>
    </p>

    <p class='ocr_par' dir='ltr' id='par_1_8' title="bbox 175 2751 1337 2824">
     <span class='ocr_line' id='line_1_26' title="bbox 175 2751 1337 2824; baseline 0.002 -16"><span class='ocrx_word' id='word_1_198' title='bbox 175 2768 201 2808; x_wconf 79' lang='lat' dir='ltr'>rs</span> <span class='ocrx_word' id='word_1_199' title='bbox 220 2755 342 2810; x_wconf 86' lang='lat' dir='ltr'>Saxones</span> <span class='ocrx_word' id='word_1_200' title='bbox 359 2755 421 2808; x_wconf 91' lang='lat' dir='ltr'>illi</span> <span class='ocrx_word' id='word_1_201' title='bbox 437 2753 564 2808; x_wconf 83' lang='lat' dir='ltr'>resistere</span> <span class='ocrx_word' id='word_1_202' title='bbox 585 2756 760 2807; x_wconf 87' lang='lat' dir='ltr'>conantes</span> <span class='ocrx_word' id='word_1_203' title='bbox 778 2753 807 2806; x_wconf 88' lang='lat' dir='ltr'>in</span> <span class='ocrx_word' id='word_1_204' title='bbox 824 2753 885 2807; x_wconf 84' lang='lat' dir='ltr'>loeo</span> <span class='ocrx_word' id='word_1_205' title='bbox 905 2751 951 2820; x_wconf 89' lang='lat' dir='ltr'>qui</span> <span class='ocrx_word' id='word_1_206' title='bbox 969 2751 1069 2808; x_wconf 87' lang='lat' dir='ltr'>dicitur</span> <span class='ocrx_word' id='word_1_207' title='bbox 1086 2751 1257 2824; x_wconf 79' lang='lat' dir='ltr'>Booholts²⁸,</span> <span class='ocrx_word' id='word_1_208' title='bbox 1276 2755 1337 2810; x_wconf 91' lang='lat' dir='ltr'>sed</span> 
     </span>
    </p>
   </div>
   <div class='ocr_carea' id='block_1_4' title="bbox 177 2947 1338 3270">
    <p class='ocr_par' dir='ltr' id='par_1_9' title="bbox 220 2947 1338 3163">
     <span class='ocr_line' id='line_1_27' title="bbox 220 2947 1335 3003; baseline 0 -11"><span class='ocrx_word' id='word_1_209' title='bbox 220 2953 242 3003; x_wconf 83' lang='lat' dir='ltr'>a)</span> <span class='ocrx_word' id='word_1_210' title='bbox 256 2954 288 2990; x_wconf 80' lang='lat' dir='ltr'>ita</span> <span class='ocrx_word' id='word_1_211' title='bbox 300 2953 348 2992; x_wconf 76' lang='lat' dir='ltr'>Ar.</span> <span class='ocrx_word' id='word_1_212' title='bbox 363 2951 417 2990; x_wconf 72' lang='lat' dir='ltr'>Lod.</span> <span class='ocrx_word' id='word_1_213' title='bbox 424 2960 435 2997; x_wconf 67' lang='lat'>,·‘</span> <span class='ocrx_word' id='word_1_214' title='bbox 446 2951 511 3000; x_wconf 84' lang='lat' dir='ltr'>Hisp.</span> <span class='ocrx_word' id='word_1_215' title='bbox 527 2955 574 2990; x_wconf 85' lang='lat' dir='ltr'>tcta</span> <span class='ocrx_word' id='word_1_216' title='bbox 587 2950 634 2989; x_wconf 78' lang='lat'>131.</span> <span class='ocrx_word' id='word_1_217' title='bbox 698 2950 721 3001; x_wconf 86' lang='lat' dir='ltr'>b)</span> <span class='ocrx_word' id='word_1_218' title='bbox 739 2947 908 2990; x_wconf 75' lang='lat' dir='ltr'>ababinolarbi</span> <span class='ocrx_word' id='word_1_219' title='bbox 922 2954 946 2988; x_wconf 86' lang='lat' dir='ltr'>et</span> <span class='ocrx_word' id='word_1_220' title='bbox 959 2948 973 2989; x_wconf 67' lang='grc' dir='ltr'><strong>ά</strong></span> <span class='ocrx_word' id='word_1_221' title='bbox 986 2954 1082 3000; x_wconf 81' lang='lat' dir='ltr'>potauro</span> <span class='ocrx_word' id='word_1_222' title='bbox 1096 2952 1143 2994; x_wconf 76' lang='lat' dir='ltr'>Al.</span> <span class='ocrx_word' id='word_1_223' title='bbox 1206 2952 1227 3003; x_wconf 88' lang='lat' dir='ltr'>o)</span> <span class='ocrx_word' id='word_1_224' title='bbox 1242 2953 1274 2991; x_wconf 76' lang='lat' dir='ltr'>tta</span> <span class='ocrx_word' id='word_1_225' title='bbox 1288 2953 1335 2992; x_wconf 73' lang='lat' dir='ltr'>Ar.</span> 
     </span>
     <span class='ocr_line' id='line_1_28' title="bbox 220 3001 1338 3056; baseline 0.001 -12"><span class='ocrx_word' id='word_1_226' title='bbox 220 3007 271 3056; x_wconf 75' lang='lat'>1323</span> <span class='ocrx_word' id='word_1_227' title='bbox 286 3005 394 3044; x_wconf 77' lang='lat' dir='ltr'>NavarrIs</span> <span class='ocrx_word' id='word_1_228' title='bbox 407 3005 453 3044; x_wconf 79' lang='lat'>131.</span> <span class='ocrx_word' id='word_1_229' title='bbox 469 3004 522 3043; x_wconf 82' lang='lat' dir='ltr'>Lob.</span> <span class='ocrx_word' id='word_1_230' title='bbox 577 3001 600 3054; x_wconf 88' lang='lat' dir='ltr'>d)</span> <span class='ocrx_word' id='word_1_231' title='bbox 614 3003 645 3041; x_wconf 78' lang='lat' dir='ltr'>sic</span> <span class='ocrx_word' id='word_1_232' title='bbox 659 3003 697 3042; x_wconf 87' lang='lat' dir='ltr'>Bl</span> <span class='ocrx_word' id='word_1_233' title='bbox 712 3005 779 3052; x_wconf 76' lang='lat' dir='ltr'>(sorta</span> <span class='ocrx_word' id='word_1_234' title='bbox 792 3014 819 3042; x_wconf 68' lang='lat' dir='ltr'>aa·</span> <span class='ocrx_word' id='word_1_235' title='bbox 828 3004 953 3052; x_wconf 71' lang='lat' dir='ltr'>chtnone).</span> <span class='ocrx_word' id='word_1_236' title='bbox 963 3003 1033 3052; x_wconf 80' lang='lat' dir='ltr'>Lob.;</span> <span class='ocrx_word' id='word_1_237' title='bbox 1046 3005 1174 3052; x_wconf 77' lang='lat' dir='ltr'>subiugatos</span> <span class='ocrx_word' id='word_1_238' title='bbox 1184 3005 1242 3048; x_wconf 74' lang='lat' dir='ltr'>Anu.</span> <span class='ocrx_word' id='word_1_239' title='bbox 1252 3018 1272 3045; x_wconf 89' lang='lat' dir='ltr'>r.</span> <span class='ocrx_word' id='word_1_240' title='bbox 1282 3007 1321 3047; x_wconf 77' lang='lat' dir='ltr'>Fr.</span> <span class='ocrx_word' id='word_1_241' title='bbox 1329 3019 1338 3054; x_wconf 89' lang='grc'>,-</span> 
     </span>
     <span class='ocr_line' id='line_1_29' title="bbox 220 3055 1335 3108; baseline 0 -10"><span class='ocrx_word' id='word_1_242' title='bbox 220 3059 319 3098; x_wconf 82' lang='lat' dir='ltr'>subactis</span> <span class='ocrx_word' id='word_1_243' title='bbox 337 3059 383 3100; x_wconf 77' lang='lat' dir='ltr'>Al.</span> <span class='ocrx_word' id='word_1_244' title='bbox 465 3058 486 3108; x_wconf 89' lang='lat' dir='ltr'>e)</span> <span class='ocrx_word' id='word_1_245' title='bbox 504 3058 535 3096; x_wconf 76' lang='lat' dir='ltr'>sic</span> <span class='ocrx_word' id='word_1_246' title='bbox 551 3057 573 3096; x_wconf 77' lang='lat' dir='ltr'>h.</span> <span class='ocrx_word' id='word_1_247' title='bbox 589 3057 604 3096; x_wconf 88' lang='lat' dir='ltr'>l.</span> <span class='ocrx_word' id='word_1_248' title='bbox 623 3055 671 3096; x_wconf 81' lang='lat' dir='ltr'>Al.</span> <span class='ocrx_word' id='word_1_249' title='bbox 753 3055 772 3108; x_wconf 85' lang='grc'>1)</span> <span class='ocrx_word' id='word_1_250' title='bbox 791 3058 901 3096; x_wconf 89' lang='lat' dir='ltr'>herenum</span> <span class='ocrx_word' id='word_1_251' title='bbox 918 3058 966 3096; x_wconf 77' lang='lat' dir='ltr'>Al.</span> <span class='ocrx_word' id='word_1_252' title='bbox 1048 3057 1071 3107; x_wconf 75' lang='lat' dir='ltr'>g)</span> <span class='ocrx_word' id='word_1_253' title='bbox 1089 3058 1167 3098; x_wconf 83' lang='lat' dir='ltr'>Lihesi</span> <span class='ocrx_word' id='word_1_254' title='bbox 1185 3059 1243 3098; x_wconf 73' lang='lat' dir='ltr'>Ans.</span> <span class='ocrx_word' id='word_1_255' title='bbox 1262 3069 1281 3098; x_wconf 84' lang='lat' dir='ltr'>r.</span> <span class='ocrx_word' id='word_1_256' title='bbox 1296 3060 1335 3099; x_wconf 78' lang='lat' dir='ltr'>Fr.</span> 
     </span>
     <span class='ocr_line' id='line_1_30' title="bbox 220 3109 1337 3163; baseline 0.002 -13"><span class='ocrx_word' id='word_1_257' title='bbox 220 3113 244 3163; x_wconf 90' lang='lat' dir='ltr'>h)</span> <span class='ocrx_word' id='word_1_258' title='bbox 260 3113 325 3152; x_wconf 78' lang='lat' dir='ltr'>Anno</span> <span class='ocrx_word' id='word_1_259' title='bbox 339 3133 364 3142; x_wconf 90' lang='lat'><em>-</em></span> <span class='ocrx_word' id='word_1_260' title='bbox 379 3110 573 3151; x_wconf 85' lang='lat' dir='ltr'>DCCLXXVIIII.</span> <span class='ocrx_word' id='word_1_261' title='bbox 589 3121 630 3149; x_wconf 86' lang='lat' dir='ltr'>om.</span> <span class='ocrx_word' id='word_1_262' title='bbox 646 3111 693 3150; x_wconf 73' lang='lat' dir='ltr'>Al.</span> <span class='ocrx_word' id='word_1_263' title='bbox 768 3109 785 3158; x_wconf 89' lang='lat' dir='ltr'>i)</span> <span class='ocrx_word' id='word_1_264' title='bbox 798 3111 830 3148; x_wconf 74' lang='lat' dir='ltr'>ita</span> <span class='ocrx_word' id='word_1_265' title='bbox 843 3111 895 3160; x_wconf 73' lang='lat' dir='ltr'>A13</span> <span class='ocrx_word' id='word_1_266' title='bbox 909 3110 1003 3157; x_wconf 70' lang='lat' dir='ltr'>{onam</span> <span class='ocrx_word' id='word_1_267' title='bbox 1015 3111 1158 3159; x_wconf 65' lang='lat' dir='ltr'>supputatum</span> <span class='ocrx_word' id='word_1_268' title='bbox 1171 3112 1196 3151; x_wconf 89' lang='lat' dir='ltr'>in</span> <span class='ocrx_word' id='word_1_269' title='bbox 1210 3112 1265 3151; x_wconf 78' lang='lat' dir='ltr'>villa</span> <span class='ocrx_word' id='word_1_270' title='bbox 1278 3123 1337 3162; x_wconf 80' lang='lat' dir='ltr'>quae</span> 
     </span>
    </p>

    <p class='ocr_par' dir='ltr' id='par_1_10' title="bbox 177 3163 1336 3270">
     <span class='ocr_line' id='line_1_31' title="bbox 177 3163 1336 3215; baseline 0.001 -10"><span class='ocrx_word' id='word_1_271' title='bbox 177 3165 203 3205; x_wconf 73' lang='grc'>80</span> <span class='ocrx_word' id='word_1_272' title='bbox 221 3164 303 3204; x_wconf 86' lang='lat' dir='ltr'>dicitnr</span> <span class='ocrx_word' id='word_1_273' title='bbox 316 3166 388 3204; x_wconf 83' lang='lat' dir='ltr'>Duris</span> <span class='ocrx_word' id='word_1_274' title='bbox 402 3164 443 3214; x_wconf 81' lang='lat' dir='ltr'>(vel</span> <span class='ocrx_word' id='word_1_275' title='bbox 456 3165 480 3203; x_wconf 87' lang='lat' dir='ltr'>in</span> <span class='ocrx_word' id='word_1_276' title='bbox 493 3165 565 3203; x_wconf 83' lang='lat' dir='ltr'>Duria</span> <span class='ocrx_word' id='word_1_277' title='bbox 578 3163 633 3202; x_wconf 84' lang='lat' dir='ltr'>villa</span> <span class='ocrx_word' id='word_1_278' title='bbox 646 3163 758 3213; x_wconf 84' lang='lat' dir='ltr'>publics);</span> <span class='ocrx_word' id='word_1_279' title='bbox 774 3164 798 3201; x_wconf 88' lang='lat' dir='ltr'>in</span> <span class='ocrx_word' id='word_1_280' title='bbox 812 3163 867 3202; x_wconf 86' lang='lat' dir='ltr'>vilia</span> <span class='ocrx_word' id='word_1_281' title='bbox 880 3163 953 3202; x_wconf 83' lang='lat' dir='ltr'>Duria</span> <span class='ocrx_word' id='word_1_282' title='bbox 966 3163 1020 3202; x_wconf 82' lang='lat' dir='ltr'>Lob.</span> <span class='ocrx_word' id='word_1_283' title='bbox 1027 3177 1035 3210; x_wconf 93' lang='lat'>,·</span> <span class='ocrx_word' id='word_1_284' title='bbox 1048 3165 1076 3211; x_wconf 76' lang='lat' dir='ltr'>cf,</span> <span class='ocrx_word' id='word_1_285' title='bbox 1089 3175 1157 3212; x_wconf 79' lang='lat' dir='ltr'>supra</span> <span class='ocrx_word' id='word_1_286' title='bbox 1166 3177 1192 3214; x_wconf 80' lang='lat' dir='ltr'>p.</span> <span class='ocrx_word' id='word_1_287' title='bbox 1202 3164 1237 3215; x_wconf 83' lang='lat'>4⁰,</span> <span class='ocrx_word' id='word_1_288' title='bbox 1252 3166 1267 3205; x_wconf 80' lang='lat'>1.</span> <span class='ocrx_word' id='word_1_289' title='bbox 1279 3166 1299 3205; x_wconf 84' lang='grc'>6.</span> <span class='ocrx_word' id='word_1_290' title='bbox 1311 3167 1336 3215; x_wconf 77' lang='lat'>⁷3</span> 
     </span>
     <span class='ocr_line' id='line_1_32' title="bbox 219 3215 881 3270; baseline -0.005 -11"><span class='ocrx_word' id='word_1_291' title='bbox 219 3220 254 3269; x_wconf 78' lang='lat' dir='ltr'>dl,</span> <span class='ocrx_word' id='word_1_292' title='bbox 269 3220 284 3258; x_wconf 90' lang='lat' dir='ltr'>l.</span> <span class='ocrx_word' id='word_1_293' title='bbox 299 3221 319 3259; x_wconf 87' lang='lat'>6.</span> <span class='ocrx_word' id='word_1_294' title='bbox 375 3219 398 3270; x_wconf 84' lang='lat' dir='ltr'>k)</span> <span class='ocrx_word' id='word_1_295' title='bbox 413 3218 537 3267; x_wconf 83' lang='lat' dir='ltr'>spolitinus</span> <span class='ocrx_word' id='word_1_296' title='bbox 550 3217 605 3256; x_wconf 80' lang='lat' dir='ltr'>Lod.</span> <span class='ocrx_word' id='word_1_297' title='bbox 659 3215 819 3266; x_wconf 79' lang='lat' dir='ltr'>1)1tmpihasm</span> <span class='ocrx_word' id='word_1_298' title='bbox 832 3217 881 3256; x_wconf 66' lang='lat'>11.</span> 
     </span>
    </p>
   </div>
   <div class='ocr_carea' id='block_1_5' title="bbox 218 3393 1337 3535">
    <p class='ocr_par' dir='ltr' id='par_1_11' title="bbox 218 3393 1337 3535">
     <span class='ocr_line' id='line_1_33' title="bbox 222 3393 1337 3465; baseline -0.004 -13"><span class='ocrx_word' id='word_1_299' title='bbox 222 3395 248 3465; x_wconf 93' lang='grc'>1)</span> <span class='ocrx_word' id='word_1_300' title='bbox 269 3395 311 3460; x_wconf 76' lang='lat' dir='ltr'>Cf.</span> <span class='ocrx_word' id='word_1_301' title='bbox 330 3411 416 3462; x_wconf 70' lang='lat' dir='ltr'>aspra</span> <span class='ocrx_word' id='word_1_302' title='bbox 429 3411 460 3461; x_wconf 85' lang='lat' dir='ltr'>p.</span> <span class='ocrx_word' id='word_1_303' title='bbox 475 3397 517 3460; x_wconf 89' lang='lat'>10,</span> <span class='ocrx_word' id='word_1_304' title='bbox 534 3395 551 3448; x_wconf 87' lang='lat' dir='ltr'>l.</span> <span class='ocrx_word' id='word_1_305' title='bbox 566 3396 608 3448; x_wconf 87' lang='lat'>14.</span> <span class='ocrx_word' id='word_1_306' title='bbox 680 3393 709 3456; x_wconf 88' lang='grc'>2)</span> <span class='ocrx_word' id='word_1_307' title='bbox 729 3393 771 3458; x_wconf 76' lang='lat' dir='ltr'>Cf.</span> <span class='ocrx_word' id='word_1_308' title='bbox 790 3409 877 3460; x_wconf 80' lang='lat' dir='ltr'>supra</span> <span class='ocrx_word' id='word_1_309' title='bbox 891 3409 921 3460; x_wconf 87' lang='lat' dir='ltr'>p.</span> <span class='ocrx_word' id='word_1_310' title='bbox 935 3395 978 3457; x_wconf 90' lang='lat'>11,</span> <span class='ocrx_word' id='word_1_311' title='bbox 994 3395 1011 3448; x_wconf 92' lang='lat' dir='ltr'>l.</span> <span class='ocrx_word' id='word_1_312' title='bbox 1026 3395 1067 3450; x_wconf 84' lang='lat'>14.</span> <span class='ocrx_word' id='word_1_313' title='bbox 1140 3395 1168 3464; x_wconf 87' lang='grc'>3)</span> <span class='ocrx_word' id='word_1_314' title='bbox 1189 3395 1231 3459; x_wconf 77' lang='lat' dir='ltr'>Of.</span> <span class='ocrx_word' id='word_1_315' title='bbox 1250 3411 1337 3464; x_wconf 72' lang='lat' dir='ltr'>aspra</span> 
     </span>
     <span class='ocr_line' id='line_1_34' title="bbox 218 3461 1337 3535; baseline -0.003 -14"><span class='ocrx_word' id='word_1_316' title='bbox 218 3485 246 3535; x_wconf 85' lang='lat' dir='ltr'>p.</span> <span class='ocrx_word' id='word_1_317' title='bbox 265 3468 309 3533; x_wconf 90' lang='grc'>28,</span> <span class='ocrx_word' id='word_1_318' title='bbox 332 3467 349 3520; x_wconf 91' lang='lat' dir='ltr'>l.</span> <span class='ocrx_word' id='word_1_319' title='bbox 370 3468 411 3524; x_wconf 82' lang='lat'>19.</span> <span class='ocrx_word' id='word_1_320' title='bbox 483 3465 512 3532; x_wconf 89' lang='grc'>4)</span> <span class='ocrx_word' id='word_1_321' title='bbox 530 3466 565 3518; x_wconf 77' lang='grc' dir='ltr'>Α.</span> <span class='ocrx_word' id='word_1_322' title='bbox 583 3481 608 3519; x_wconf 85' lang='lat' dir='ltr'>r.</span> <span class='ocrx_word' id='word_1_323' title='bbox 626 3463 677 3518; x_wconf 82' lang='lat' dir='ltr'>Fr.</span> <span class='ocrx_word' id='word_1_324' title='bbox 684 3481 694 3515; x_wconf 91' lang='lat'>.·</span> <span class='ocrx_word' id='word_1_325' title='bbox 715 3462 749 3516; x_wconf 88' lang='lat' dir='ltr'>de</span> <span class='ocrx_word' id='word_1_326' title='bbox 767 3461 831 3516; x_wconf 92' lang='lat' dir='ltr'>Ibin</span> <span class='ocrx_word' id='word_1_327' title='bbox 849 3464 876 3516; x_wconf 86' lang='lat' dir='ltr'>al</span> <span class='ocrx_word' id='word_1_328' title='bbox 893 3463 981 3517; x_wconf 81' lang='lat' dir='ltr'>Arabi</span> <span class='ocrx_word' id='word_1_329' title='bbox 999 3467 1027 3517; x_wconf 88' lang='lat' dir='ltr'>et</span> <span class='ocrx_word' id='word_1_330' title='bbox 1046 3463 1080 3518; x_wconf 87' lang='lat' dir='ltr'>de</span> <span class='ocrx_word' id='word_1_331' title='bbox 1098 3463 1245 3519; x_wconf 82' lang='lat' dir='ltr'>Abntauro</span> <span class='ocrx_word' id='word_1_332' title='bbox 1263 3466 1337 3532; x_wconf 79' lang='lat' dir='ltr'>(Abu</span> 
     </span>
    </p>
   </div>
   <div class='ocr_carea' id='block_1_6' title="bbox 176 3534 1338 4460">
    <p class='ocr_par' dir='ltr' id='par_1_12' title="bbox 225 3534 1338 3606">
     <span class='ocr_line' id='line_1_35' title="bbox 225 3534 1338 3606; baseline 0.001 -16"><span class='ocrx_word' id='word_1_333' title='bbox 225 3537 336 3606; x_wconf 70' lang='lat' dir='ltr'>Tahcr),</span> <span class='ocrx_word' id='word_1_334' title='bbox 350 3539 487 3604; x_wconf 66' lang='lat' dir='ltr'>prasfmo</span> <span class='ocrx_word' id='word_1_335' title='bbox 505 3535 584 3588; x_wconf 82' lang='lat' dir='ltr'>Oscae</span> <span class='ocrx_word' id='word_1_336' title='bbox 602 3534 741 3600; x_wconf 80' lang='lat' dir='ltr'>(Huesca).</span> <span class='ocrx_word' id='word_1_337' title='bbox 831 3534 859 3604; x_wconf 83' lang='grc' dir='ltr'>ὁ)</span> <span class='ocrx_word' id='word_1_338' title='bbox 886 3535 973 3598; x_wconf 58' lang='lat' dir='ltr'>Qum</span> <span class='ocrx_word' id='word_1_339' title='bbox 994 3552 1088 3604; x_wconf 76' lang='lat' dir='ltr'>capere</span> <span class='ocrx_word' id='word_1_340' title='bbox 1111 3539 1167 3588; x_wconf 79' lang='lat' dir='ltr'>iam</span> <span class='ocrx_word' id='word_1_341' title='bbox 1192 3552 1246 3590; x_wconf 78' lang='lat' dir='ltr'>nos</span> <span class='ocrx_word' id='word_1_342' title='bbox 1271 3553 1338 3606; x_wconf 82' lang='lat' dir='ltr'>opus</span> 
     </span>
    </p>

    <p class='ocr_par' dir='ltr' id='par_1_13' title="bbox 177 3607 1338 3962">
     <span class='ocr_line' id='line_1_36' title="bbox 177 3607 1336 3676; baseline 0.002 -18"><span class='ocrx_word' id='word_1_343' title='bbox 177 3617 203 3658; x_wconf 74' lang='lat' dir='ltr'>to</span> <span class='ocrx_word' id='word_1_344' title='bbox 221 3611 292 3675; x_wconf 73' lang='lat' dir='ltr'>fuit5</span> <span class='ocrx_word' id='word_1_345' title='bbox 309 3608 345 3671; x_wconf 80' lang='lat' dir='ltr'>tf.</span> <span class='ocrx_word' id='word_1_346' title='bbox 364 3607 562 3660; x_wconf 72' lang='lat' dir='ltr'>Abel-Simon</span> <span class='ocrx_word' id='word_1_347' title='bbox 581 3607 604 3670; x_wconf 89' lang='grc' dir='ltr'>Ι,</span> <span class='ocrx_word' id='word_1_348' title='bbox 623 3624 651 3674; x_wconf 82' lang='lat' dir='ltr'>p.</span> <span class='ocrx_word' id='word_1_349' title='bbox 671 3608 723 3661; x_wconf 89' lang='grc'>296</span> <span class='ocrx_word' id='word_1_350' title='bbox 735 3622 790 3673; x_wconf 77' lang='lat' dir='ltr'>sqq.</span> <span class='ocrx_word' id='word_1_351' title='bbox 809 3608 869 3661; x_wconf 85' lang='lat'>303.</span> <span class='ocrx_word' id='word_1_352' title='bbox 943 3608 970 3672; x_wconf 84' lang='grc'>8)</span> <span class='ocrx_word' id='word_1_353' title='bbox 988 3607 1029 3671; x_wconf 80' lang='lat' dir='ltr'>Cf.</span> <span class='ocrx_word' id='word_1_354' title='bbox 1048 3623 1135 3674; x_wconf 80' lang='lat' dir='ltr'>supra</span> <span class='ocrx_word' id='word_1_355' title='bbox 1149 3625 1180 3676; x_wconf 82' lang='lat' dir='ltr'>p.</span> <span class='ocrx_word' id='word_1_356' title='bbox 1197 3611 1240 3673; x_wconf 95' lang='grc'>28,</span> <span class='ocrx_word' id='word_1_357' title='bbox 1258 3611 1276 3664; x_wconf 89' lang='lat' dir='ltr'>l.</span> <span class='ocrx_word' id='word_1_358' title='bbox 1294 3613 1336 3666; x_wconf 82' lang='lat'>10.</span> 
     </span>
     <span class='ocr_line' id='line_1_37' title="bbox 222 3677 1337 3749; baseline 0.003 -19"><span class='ocrx_word' id='word_1_359' title='bbox 222 3683 249 3749; x_wconf 85' lang='grc'>7)</span> <span class='ocrx_word' id='word_1_360' title='bbox 271 3680 312 3745; x_wconf 73' lang='lat' dir='ltr'>Cf.</span> <span class='ocrx_word' id='word_1_361' title='bbox 331 3694 418 3747; x_wconf 80' lang='lat' dir='ltr'>supra</span> <span class='ocrx_word' id='word_1_362' title='bbox 438 3694 467 3745; x_wconf 80' lang='lat' dir='ltr'>p.</span> <span class='ocrx_word' id='word_1_363' title='bbox 486 3679 531 3742; x_wconf 88' lang='grc'>48,</span> <span class='ocrx_word' id='word_1_364' title='bbox 549 3678 566 3731; x_wconf 89' lang='lat' dir='ltr'>l.</span> <span class='ocrx_word' id='word_1_365' title='bbox 586 3679 611 3731; x_wconf 89' lang='lat'>6.</span> <span class='ocrx_word' id='word_1_366' title='bbox 689 3677 718 3745; x_wconf 89' lang='grc'>8)</span> <span class='ocrx_word' id='word_1_367' title='bbox 743 3677 824 3732; x_wconf 63' lang='lat' dir='ltr'>ader.</span> <span class='ocrx_word' id='word_1_368' title='bbox 903 3679 931 3746; x_wconf 88' lang='grc'>9)</span> <span class='ocrx_word' id='word_1_369' title='bbox 956 3678 1044 3732; x_wconf 78' lang='lat' dir='ltr'>Leiaa.</span> <span class='ocrx_word' id='word_1_370' title='bbox 1124 3681 1169 3746; x_wconf 90' lang='grc'>10)</span> <span class='ocrx_word' id='word_1_371' title='bbox 1197 3680 1264 3748; x_wconf 75' lang='lat' dir='ltr'>Vox,</span> <span class='ocrx_word' id='word_1_372' title='bbox 1283 3697 1337 3748; x_wconf 83' lang='lat' dir='ltr'>qua</span> 
     </span>
     <span class='ocr_line' id='line_1_38' title="bbox 221 3748 1337 3818; baseline 0.001 -14"><span class='ocrx_word' id='word_1_373' title='bbox 221 3753 304 3816; x_wconf 72' lang='lat' dir='ltr'>facite</span> <span class='ocrx_word' id='word_1_374' title='bbox 329 3765 481 3803; x_wconf 71' lang='lat' dir='ltr'>emeremus</span> <span class='ocrx_word' id='word_1_375' title='bbox 508 3757 544 3814; x_wconf 79' lang='lat' dir='ltr'>(s.</span> <span class='ocrx_word' id='word_1_376' title='bbox 565 3749 652 3814; x_wconf 72' lang='lat' dir='ltr'>paulo</span> <span class='ocrx_word' id='word_1_377' title='bbox 672 3755 735 3816; x_wconf 80' lang='lat' dir='ltr'>post</span> <span class='ocrx_word' id='word_1_378' title='bbox 758 3764 822 3800; x_wconf 87' lang='lat' dir='ltr'>oum</span> <span class='ocrx_word' id='word_1_379' title='bbox 847 3748 1035 3815; x_wconf 84' lang='lat' dir='ltr'>contumelia),</span> <span class='ocrx_word' id='word_1_380' title='bbox 1062 3751 1183 3813; x_wconf 77' lang='lat' dir='ltr'>forsitan</span> <span class='ocrx_word' id='word_1_381' title='bbox 1210 3767 1243 3804; x_wconf 77' lang='lat' dir='ltr'>ac</span> <span class='ocrx_word' id='word_1_382' title='bbox 1267 3755 1337 3818; x_wconf 76' lang='lat' dir='ltr'>fonte</span> 
     </span>
     <span class='ocr_line' id='line_1_39' title="bbox 220 3819 1338 3890; baseline -0.001 -16"><span class='ocrx_word' id='word_1_383' title='bbox 220 3822 355 3890; x_wconf 68' lang='lat' dir='ltr'>deperdito</span> <span class='ocrx_word' id='word_1_384' title='bbox 371 3823 491 3888; x_wconf 72' lang='lat' dir='ltr'>repetita.</span> <span class='ocrx_word' id='word_1_385' title='bbox 583 3821 626 3887; x_wconf 85' lang='lat'>11)</span> <span class='ocrx_word' id='word_1_386' title='bbox 646 3819 687 3885; x_wconf 72' lang='lat' dir='ltr'>Cf.</span> <span class='ocrx_word' id='word_1_387' title='bbox 705 3835 791 3886; x_wconf 79' lang='lat' dir='ltr'>supra</span> <span class='ocrx_word' id='word_1_388' title='bbox 811 3837 841 3887; x_wconf 80' lang='lat' dir='ltr'>p.</span> <span class='ocrx_word' id='word_1_389' title='bbox 860 3822 904 3883; x_wconf 78' lang='lat'>52,</span> <span class='ocrx_word' id='word_1_390' title='bbox 926 3836 953 3875; x_wconf 80' lang='lat' dir='ltr'>a.</span> <span class='ocrx_word' id='word_1_391' title='bbox 974 3823 1015 3876; x_wconf 81' lang='lat'>15.</span> <span class='ocrx_word' id='word_1_392' title='bbox 1107 3823 1151 3888; x_wconf 93' lang='grc'>12)</span> <span class='ocrx_word' id='word_1_393' title='bbox 1172 3823 1271 3890; x_wconf 78' lang='lat' dir='ltr'>Error,</span> <span class='ocrx_word' id='word_1_394' title='bbox 1290 3827 1338 3890; x_wconf 79' lang='lat' dir='ltr'>qui</span> 
     </span>
     <span class='ocr_line' id='line_1_40' title="bbox 221 3890 1336 3962; baseline 0.001 -16"><span class='ocrx_word' id='word_1_395' title='bbox 221 3897 301 3946; x_wconf 76' lang='lat' dir='ltr'>etiam</span> <span class='ocrx_word' id='word_1_396' title='bbox 318 3895 350 3945; x_wconf 65' lang='grc' dir='ltr'>ἐπ</span> <span class='ocrx_word' id='word_1_397' title='bbox 366 3894 439 3947; x_wconf 77' lang='lat' dir='ltr'>Ana.</span> <span class='ocrx_word' id='word_1_398' title='bbox 457 3891 523 3945; x_wconf 76' lang='lat' dir='ltr'>Lot.</span> <span class='ocrx_word' id='word_1_399' title='bbox 544 3892 664 3945; x_wconf 73' lang='lat' dir='ltr'>transiit.</span> <span class='ocrx_word' id='word_1_400' title='bbox 700 3890 767 3942; x_wconf 76' lang='lat' dir='ltr'>Dux</span> <span class='ocrx_word' id='word_1_401' title='bbox 790 3892 932 3943; x_wconf 61' lang='lat' dir='ltr'>smmum</span> <span class='ocrx_word' id='word_1_402' title='bbox 956 3892 990 3945; x_wconf 80' lang='lat' dir='ltr'>A.</span> <span class='ocrx_word' id='word_1_403' title='bbox 1009 3907 1034 3946; x_wconf 84' lang='lat' dir='ltr'>r.</span> <span class='ocrx_word' id='word_1_404' title='bbox 1053 3891 1103 3946; x_wconf 82' lang='lat' dir='ltr'>Fr.</span> <span class='ocrx_word' id='word_1_405' title='bbox 1128 3900 1152 3944; x_wconf 76' lang='lat' dir='ltr'>et</span> <span class='ocrx_word' id='word_1_406' title='bbox 1176 3895 1248 3953; x_wconf 82' lang='lat' dir='ltr'>Ana,</span> <span class='ocrx_word' id='word_1_407' title='bbox 1266 3911 1290 3962; x_wconf 80' lang='lat' dir='ltr'>q.</span> <span class='ocrx_word' id='word_1_408' title='bbox 1310 3895 1336 3948; x_wconf 83' lang='lat' dir='ltr'>d.</span> 
     </span>
    </p>

    <p class='ocr_par' dir='ltr' id='par_1_14' title="bbox 176 3961 1338 4315">
     <span class='ocr_line' id='line_1_41' title="bbox 176 3961 1337 4030; baseline 0.004 -18"><span class='ocrx_word' id='word_1_409' title='bbox 176 3973 204 4012; x_wconf 70' lang='grc' dir='ltr'>ιο</span> <span class='ocrx_word' id='word_1_410' title='bbox 222 3965 305 4019; x_wconf 69' lang='lat' dir='ltr'>Eius.</span> <span class='ocrx_word' id='word_1_411' title='bbox 323 3967 381 4016; x_wconf 82' lang='lat' dir='ltr'>iam</span> <span class='ocrx_word' id='word_1_412' title='bbox 398 3971 480 4016; x_wconf 81' lang='lat' dir='ltr'>antea</span> <span class='ocrx_word' id='word_1_413' title='bbox 493 3964 641 4015; x_wconf 72' lang='lat' dir='ltr'>Viranisci</span> <span class='ocrx_word' id='word_1_414' title='bbox 656 3961 811 4027; x_wconf 70' lang='lat' dir='ltr'>(Vcrzcnap</span> <span class='ocrx_word' id='word_1_415' title='bbox 822 3977 908 4028; x_wconf 78' lang='lat' dir='ltr'>prope</span> <span class='ocrx_word' id='word_1_416' title='bbox 919 3962 1010 4016; x_wconf 68' lang='lat' dir='ltr'>Ram</span> <span class='ocrx_word' id='word_1_417' title='bbox 1027 3978 1080 4015; x_wconf 79' lang='lat' dir='ltr'>essa</span> <span class='ocrx_word' id='word_1_418' title='bbox 1094 3965 1213 4030; x_wconf 77' lang='lat' dir='ltr'>ridetur)</span> <span class='ocrx_word' id='word_1_419' title='bbox 1230 3996 1266 4004; x_wconf 93' lang='lat'>-</span> <span class='ocrx_word' id='word_1_420' title='bbox 1284 3981 1337 4017; x_wconf 82' lang='lat' dir='ltr'>non</span> 
     </span>
     <span class='ocr_line' id='line_1_42' title="bbox 224 4034 1336 4103; baseline 0.001 -16"><span class='ocrx_word' id='word_1_421' title='bbox 224 4036 385 4103; x_wconf 73' lang='lat' dir='ltr'>compendii,</span> <span class='ocrx_word' id='word_1_422' title='bbox 409 4040 441 4086; x_wconf 84' lang='lat' dir='ltr'>ut</span> <span class='ocrx_word' id='word_1_423' title='bbox 458 4036 559 4100; x_wconf 73' lang='lat' dir='ltr'>chino</span> <span class='ocrx_word' id='word_1_424' title='bbox 582 4048 637 4085; x_wconf 80' lang='lat' dir='ltr'>non</span> <span class='ocrx_word' id='word_1_425' title='bbox 661 4035 752 4085; x_wconf 76' lang='lat' dir='ltr'>minus</span> <span class='ocrx_word' id='word_1_426' title='bbox 775 4034 940 4099; x_wconf 70' lang='lat' dir='ltr'>mpleyentar</span> <span class='ocrx_word' id='word_1_427' title='bbox 963 4034 1050 4092; x_wconf 69' lang='lat' dir='ltr'>refert</span> <span class='ocrx_word' id='word_1_428' title='bbox 1074 4063 1108 4074; x_wconf 90' lang='lat'>-</span> <span class='ocrx_word' id='word_1_429' title='bbox 1134 4038 1194 4100; x_wconf 70' lang='lat' dir='ltr'>rapi</span> <span class='ocrx_word' id='word_1_430' title='bbox 1216 4039 1336 4090; x_wconf 67' lang='lat' dir='ltr'>occurrit</span> 
     </span>
     <span class='ocr_line' id='line_1_43' title="bbox 224 4104 1338 4176; baseline -0.002 -14"><span class='ocrx_word' id='word_1_431' title='bbox 224 4105 268 4176; x_wconf 83' lang='lat'>13)</span> <span class='ocrx_word' id='word_1_432' title='bbox 283 4106 462 4173; x_wconf 61' lang='lat' dir='ltr'>Ofisuprsn.</span> <span class='ocrx_word' id='word_1_433' title='bbox 477 4109 519 4160; x_wconf 87' lang='lat' dir='ltr'>lo.</span> <span class='ocrx_word' id='word_1_434' title='bbox 586 4105 631 4171; x_wconf 87' lang='lat'>14)</span> <span class='ocrx_word' id='word_1_435' title='bbox 647 4104 787 4172; x_wconf 55' lang='lat' dir='ltr'>&amp;supra</span> <span class='ocrx_word' id='word_1_436' title='bbox 800 4121 828 4172; x_wconf 85' lang='lat' dir='ltr'>p.</span> <span class='ocrx_word' id='word_1_437' title='bbox 842 4107 885 4170; x_wconf 90' lang='lat'>13,</span> <span class='ocrx_word' id='word_1_438' title='bbox 902 4105 919 4158; x_wconf 87' lang='lat' dir='ltr'>l.</span> <span class='ocrx_word' id='word_1_439' title='bbox 933 4107 958 4160; x_wconf 83' lang='grc' dir='ltr'>θ.</span> <span class='ocrx_word' id='word_1_440' title='bbox 972 4108 996 4160; x_wconf 83' lang='grc'>7.</span> <span class='ocrx_word' id='word_1_441' title='bbox 1064 4107 1109 4173; x_wconf 81' lang='grc'>15)</span> <span class='ocrx_word' id='word_1_442' title='bbox 1124 4107 1170 4159; x_wconf 75' lang='lat' dir='ltr'>Ad</span> <span class='ocrx_word' id='word_1_443' title='bbox 1180 4109 1338 4172; x_wconf 68' lang='lat' dir='ltr'>confluentes</span> 
     </span>
     <span class='ocr_line' id='line_1_44' title="bbox 221 4175 1335 4244; baseline 0.003 -14"><span class='ocrx_word' id='word_1_444' title='bbox 221 4178 337 4244; x_wconf 57' lang='lat' dir='ltr'>Lippus</span> <span class='ocrx_word' id='word_1_445' title='bbox 353 4181 377 4228; x_wconf 78' lang='lat' dir='ltr'>et</span> <span class='ocrx_word' id='word_1_446' title='bbox 394 4176 498 4240; x_wconf 60' lang='lat' dir='ltr'>utma-</span> <span class='ocrx_word' id='word_1_447' title='bbox 515 4177 551 4240; x_wconf 81' lang='lat' dir='ltr'>cf.</span> <span class='ocrx_word' id='word_1_448' title='bbox 571 4175 769 4227; x_wconf 73' lang='lat' dir='ltr'>Adel-Simon</span> <span class='ocrx_word' id='word_1_449' title='bbox 786 4175 826 4240; x_wconf 91' lang='lat' dir='ltr'>II,</span> <span class='ocrx_word' id='word_1_450' title='bbox 842 4192 870 4242; x_wconf 83' lang='lat' dir='ltr'>p.</span> <span class='ocrx_word' id='word_1_451' title='bbox 888 4177 941 4232; x_wconf 85' lang='grc'>588</span> <span class='ocrx_word' id='word_1_452' title='bbox 952 4192 1009 4242; x_wconf 78' lang='lat' dir='ltr'>sq.,·</span> <span class='ocrx_word' id='word_1_453' title='bbox 1029 4177 1102 4231; x_wconf 79' lang='lat' dir='ltr'>Coat.</span> <span class='ocrx_word' id='word_1_454' title='bbox 1120 4177 1231 4244; x_wconf 77' lang='lat' dir='ltr'>Fredcp.</span> <span class='ocrx_word' id='word_1_455' title='bbox 1251 4193 1272 4232; x_wconf 87' lang='lat' dir='ltr'>c.</span> <span class='ocrx_word' id='word_1_456' title='bbox 1293 4179 1335 4244; x_wconf 82' lang='lat'>19,</span> 
     </span>
     <span class='ocr_line' id='line_1_45' title="bbox 222 4244 1337 4315; baseline -0.002 -13"><span class='ocrx_word' id='word_1_457' title='bbox 222 4249 270 4303; x_wconf 81' lang='lat' dir='ltr'>SS.</span> <span class='ocrx_word' id='word_1_458' title='bbox 283 4263 376 4298; x_wconf 83' lang='lat' dir='ltr'>rerum</span> <span class='ocrx_word' id='word_1_459' title='bbox 387 4246 486 4301; x_wconf 78' lang='lat' dir='ltr'>Meros.</span> <span class='ocrx_word' id='word_1_460' title='bbox 499 4247 539 4312; x_wconf 87' lang='lat' dir='ltr'>H,</span> <span class='ocrx_word' id='word_1_461' title='bbox 555 4263 584 4314; x_wconf 78' lang='lat' dir='ltr'>p.</span> <span class='ocrx_word' id='word_1_462' title='bbox 598 4248 650 4302; x_wconf 79' lang='lat'>177</span> <span class='ocrx_word' id='word_1_463' title='bbox 670 4245 709 4315; x_wconf 86' lang='lat' dir='ltr'>(in</span> <span class='ocrx_word' id='word_1_464' title='bbox 726 4245 788 4298; x_wconf 89' lang='lat' dir='ltr'>looo</span> <span class='ocrx_word' id='word_1_465' title='bbox 806 4245 855 4298; x_wconf 92' lang='lat' dir='ltr'>ubi</span> <span class='ocrx_word' id='word_1_466' title='bbox 872 4244 972 4314; x_wconf 82' lang='lat' dir='ltr'>Lippia</span> <span class='ocrx_word' id='word_1_467' title='bbox 989 4245 1089 4300; x_wconf 87' lang='lat' dir='ltr'>fluvius</span> <span class='ocrx_word' id='word_1_468' title='bbox 1100 4245 1211 4301; x_wconf 86' lang='lat' dir='ltr'>Renum</span> <span class='ocrx_word' id='word_1_469' title='bbox 1229 4263 1337 4300; x_wconf 90' lang='lat' dir='ltr'>amnem</span> 
     </span>
    </p>

    <p class='ocr_par' dir='ltr' id='par_1_15' title="bbox 177 4315 1338 4460">
     <span class='ocr_line' id='line_1_46' title="bbox 177 4315 1338 4389; baseline 0.002 -19"><span class='ocrx_word' id='word_1_470' title='bbox 177 4327 204 4370; x_wconf 77' lang='lat' dir='ltr'>tt</span> <span class='ocrx_word' id='word_1_471' title='bbox 221 4316 393 4389; x_wconf 82' lang='lat' dir='ltr'>ingreditur).</span> <span class='ocrx_word' id='word_1_472' title='bbox 502 4318 546 4384; x_wconf 83' lang='grc'>16)</span> <span class='ocrx_word' id='word_1_473' title='bbox 570 4318 604 4372; x_wconf 83' lang='grc' dir='ltr'>Α.</span> <span class='ocrx_word' id='word_1_474' title='bbox 629 4333 655 4372; x_wconf 84' lang='lat' dir='ltr'>r.</span> <span class='ocrx_word' id='word_1_475' title='bbox 680 4316 746 4372; x_wconf 73' lang='lat' dir='ltr'>Fr„-</span> <span class='ocrx_word' id='word_1_476' title='bbox 771 4315 894 4370; x_wconf 89' lang='lat' dir='ltr'>Bohholz</span> <span class='ocrx_word' id='word_1_477' title='bbox 918 4318 1040 4383; x_wconf 71' lang='lat' dir='ltr'>(Boctct</span> <span class='ocrx_word' id='word_1_478' title='bbox 1063 4319 1100 4371; x_wconf 81' lang='lat' dir='ltr'>ad</span> <span class='ocrx_word' id='word_1_479' title='bbox 1122 4321 1235 4385; x_wconf 79' lang='lat' dir='ltr'>fluvium</span> <span class='ocrx_word' id='word_1_480' title='bbox 1255 4319 1300 4370; x_wconf 80' lang='lat' dir='ltr'>Aa</span> <span class='ocrx_word' id='word_1_481' title='bbox 1325 4335 1338 4372; x_wconf 80' lang='lat' dir='ltr'>a</span> 
     </span>
     <span class='ocr_line' id='line_1_47' title="bbox 221 4387 612 4460; baseline -0.003 -16"><span class='ocrx_word' id='word_1_482' title='bbox 221 4390 397 4460; x_wconf 70' lang='lat' dir='ltr'>septentrione</span> <span class='ocrx_word' id='word_1_483' title='bbox 416 4387 492 4440; x_wconf 78' lang='lat' dir='ltr'>urbis</span> <span class='ocrx_word' id='word_1_484' title='bbox 509 4387 612 4450; x_wconf 79' lang='lat' dir='ltr'>Wesel).</span> 
     </span>
    </p>
   </div>
   <div class='ocr_carea' id='block_1_7' title="bbox 1089 4496 1124 4552">
    <p class='ocr_par' dir='ltr' id='par_1_16' title="bbox 1089 4496 1124 4552">
     <span class='ocr_line' id='line_1_48' title="bbox 1089 4496 1124 4552; baseline 0 -23"><span class='ocrx_word' id='word_1_485' title='bbox 1089 4496 1124 4552; x_wconf 66' lang='lat'>5*</span> 
     </span>
    </p>
   </div>
   <div class='ocr_carea' id='block_1_8' title="bbox 0 0 1662 4892">
    <p class='ocr_par' dir='ltr' id='par_1_17' title="bbox 0 0 1662 4892">
     <span class='ocr_line' id='line_1_49' title="bbox 0 0 1662 4892; baseline 0 0"><span class='ocrx_word' id='word_1_486' title='bbox 0 0 1662 4892; x_wconf 95' lang='lat' dir='ltr'> </span> 
     </span>
    </p>
   </div>
  </div>
 </body>
</html>
