3304 4892
330 383 365 436 76
477 377 658 434 ANNALES
676 379 901 434 METTENSES
919 379 1091 436 Palatius,
1123 379 1158 436 A.
1172 382 1233 436 787.
1248 383 1308 438 788.

212 625 232 662 Α
260 553 319 663 Ἦ
332 575 423 630 Caroli
441 577 469 630 in
481 575 640 643 vasatioum,
659 574 775 628 reddens
795 574 827 628 ei
845 575 949 628 illum
962 575 1100 643 ducatum,
1118 587 1211 644 quem
1227 567 1313 626 iam*
1329 570 1451 626 dudum

234 635 270 664 .r.
315 652 479 734 'aPippino
493 681 558 735 rege
577 662 767 733 susceperat,
790 668 817 717 et
836 663 1027 718 confessus
1046 669 1100 718 est
1118 667 1147 717 se
1166 665 1194 717 in
1207 664 1334 717 omnibus
1346 675 1452 716 coram

331 749 460 806 domino
484 766 541 806 suo
565 771 699 822 peccasse.
736 753 1000 822 Quamobrem
1020 753 1110 807 denuo
1129 756 1300 807 sacramenta
1318 769 1452 806 renovans
1495 753 1500 760 ’

331 843 407 896 dedit
436 843 543 897 obsides
574 842 634 896 XII
666 847 694 896 et
726 841 814 895 filium
850 859 930 895 suum
959 842 1135 910 Teodonem,
1172 834 1208 894 ct
1243 831 1291 895 sic
1325 831 1451 895 iterum

331 920 496 984 ducatum
527 941 626 984 suum
658 941 718 1003 per
752 920 1025 984 munificentiam
1059 920 1150 1004 regis
1185 921 1332 1003 adeptus
1367 919 1485 984 estis

329 1015 408 1072 Inde
432 1034 504 1073 cum
527 1011 666 1090 gaudio²
688 1019 849 1072 revertens
873 1032 927 1071 rex
951 1013 1081 1073 Carolus
1108 1021 1228 1074 natalem
1249 1020 1360 1074 Domini
1382 1021 1451 1074 cele·

331 1109 424 1163 brevit
441 1110 470 1162 in
488 1110 553 1162 villa
572 1127 642 1177 quae
660 1109 760 1163 dicitur
778 1108 996 1179 Ingelinhaimb·
1007 1110 1023 1165 Β.

212 1220 318 1262 aaa.
439 1197 561 1259 Anno⁰
601 1196 793 1260 dominicae
835 1196 1082 1259 incarnationis
1121 1194 1449 1259 DOOLXXXVIII.

331 1288 461 1346 Carolus
496 1308 550 1347 rex
584 1291 764 1365 generalem
798 1295 991 1348 conventum
1024 1291 1217 1348 Francorum
1251 1283 1386 1347 habuit4
1418 1291 1451 1346 in
1630 1297 1632 1374 l

331 1383 386 1436 iam
405 1385 479 1438 dicta
497 1386 563 1438 villa
580 1384 799 1455 Hingelinhaim,
821 1385 914 1453 ibique
932 1385 1015 1438 venit
1034 1385 1138 1438 Tassilo
1158 1397 1230 1436 cum
1250 1386 1353 1438 ceteris
1371 1380 1451 1453 prin·
1472 1394 1499 1433 10
1630 1381 1631 1386 ’

331 1468 451 1541 cipibus
486 1469 722 1543 Baugariorum.
785 1462 918 1526 Habita
955 1483 1036 1526 vero
1076 1483 1154 1526 eum
1189 1458 1378 1526 Baioariisd
1415 1463 1452 1524 in

330 1551 504 1632 presentia
538 1553 745 1636 optimatum
777 1552 986 1614 Francorum
1023 1552 1285 1628 conventrense,
1322 1567 1453 1632 ceperunt

330 1650 425 1704 fideles
444 1651 562 1705 Baioarii
582 1653 681 1721 dicere,
701 1651 775 1720 quod
794 1651 898 1705 Tassilo
919 1651 1003 1705 fidem
1025 1669 1110 1718 snam,
1136 1663 1232 1720 quam
1256 1648 1451 1720 promiserat,

332 1742 432 1793 salvam
460 1758 515 1794 non
541 1742 663 1810 haberet,
689 1742 766 1808 sed,
792 1745 937 1809 postquam
963 1741 1103 1794 dederat
1127 1741 1216 1794 filium
1241 1758 1320 1793 suum
1345 1737 1378 1791 in
1402 1736 1452 1792 ob-

332 1812 467 1892 sidemf,
497 1825 645 1881 fraudare
675 1825 896 1881 iusiurandum
927 1827 1107 1898 temptaret,
1137 1830 1268 1884 suadente
1295 1829 1498 1900 Leutberga1⁶

332 1920 488 1989 coniuge
507 1937 562 1974 sua.
600 1919 681 1988 Quod
700 1925 726 1972 et
746 1919 850 1972 Tassilo
877 1919 1012 1989 denegare
1037 1937 1093 1972 non
1118 1919 1217 1988 potuit,
1242 1919 1290 1972 sed
1316 1919 1453 1972 confessus

332 2011 372 2060 est
397 2012 492 2076 postea
517 2008 552 2060 ad
577 2008 705 2061 Avaross'
729 2008 918 2077 transmisisse,
945 2026 1036 2062 vassos
1061 2008 1211 2076 supradicti
1236 2008 1330 2062 domui
1356 2006 1449 2076 regish

232 2096 490 2158 *f.14b.adhortasse
509 2099 551 2150 *et
571 2098 600 2150 in
618 2097 703 2150 vitam
727 2114 822 2150 eorum
848 2097 1019 2166 consiliasse,
1046 2103 1073 2150 et
1098 2097 1221 2150 homines
1246 2115 1317 2165 suos,
1344 2097 1452 2164 quando

332 2185 467 2255 iurabant,
487 2187 607 2254 iubebat,
627 2191 657 2238 ut
676 2187 756 2239 aliter
774 2187 803 2238 in
821 2191 914 2239 mente
932 2188 1082 2239 retinerent
1105 2191 1133 2240 et
1158 2187 1208 2240 sub
1234 2185 1298 2239 dolo
1323 2187 1451 2240 iurarent.

332 2274 368 2328 Et
388 2276 454 2342 quid
472 2275 580 2345 magis?
611 2275 756 2328 Confessus
776 2277 862 2328 estse
882 2275 988 2342 dixisse,
1002 2275 1086 2328 etiarn
1105 2276 1127 2328 si
1140 2275 1234 2328 decem
1247 2274 1318 2327 filios
1330 2275 1452 2342 haberet,
1472 2283 1500 2322 ao

333 2381 427 2417 omnes
444 2365 575 2418 voluisset
592 2364 716 2433 perdere,
736 2368 883 2432 antequam
901 2364 1002 2432 placita
1021 2365 1059 2417 sic
1078 2368 1273 2430 remanerent,
1293 2364 1337 2416 vel
1356 2362 1454 2416 stabile

332 2454 510 2523 permitteret,
531 2455 601 2508 sicut
619 2454 738 2506 iuratum
758 2453 864 2508 habuit.
901 2453 939 2506 nt
957 2453 1039 2506 etiam
1059 2453 1129 2505 dixit
1147 2454 1245 2506 melius
1263 2455 1291 2505 sa
1314 2455 1453 2504 mortuum

334 2558 390 2594 esse
416 2559 498 2609 quam
525 2543 563 2595 ita
588 2543 687 2596 vivere.
732 2541 769 2594 Et
794 2541 828 2594 da
853 2541 895 2594 his
920 2542 1047 2594 omnibus
1072 2542 1274 2610 comprobatus,
1300 2541 1400 2595 Franci
1425 2544 1454 2594 et

332 2629 461 2698 Baioarii,
487 2621 681 2700 Langobardii
708 2635 735 2684 et
754 2630 876 2684 Saxones
901 2631 945 2683 vel
967 2647 1001 2683 ex
1020 2631 1147 2683 omnibus
1164 2629 1321 2698 provinciis,
1347 2630 1393 2697 qui
1418 2629 1453 2682 ad

334 2718 449 2770 eandem
468 2719 593 2772 sinodum
613 2720 772 2789 congregati
794 2719 914 2788 fuerunt,
940 2719 1145 2772 reminiscentes
1169 2719 1292 2787 priorum
1317 2719 1453 2770 malorum
1472 2729 1499 2767 aa

334 2807 399 2873 eiuS,
419 2811 447 2860 et
466 2808 603 2876 quomodo
623 2807 772 2876 Pippinum
794 2809 822 2860 in
848 2807 970 2860 exercitu
995 2807 1228 2876 dereliquisset
1254 2811 1282 2860 et
1306 2807 1354 2874 ibi,
1380 2808 1453 2876 quod

332 2895 472 2949 theodisca
498 2897 593 2967 lingua
618 2897 726 2950 harisliz
753 2895 860 2964 dicitur,
887 2895 1116 2950 iudicaverunt
1142 2896 1259 2950 eundem
1284 2896 1453 2949 Tassilonem

333 2985 367 3038 ad
386 2989 511 3040 mortem.
549 2984 605 3039 Sed
623 2985 690 3038 dum
716 2984 831 3038 omnesk
853 3001 920 3038 voce
945 2985 1129 3040 acclamarent
1148 2985 1256 3054 capitali
1282 2986 1364 3038 feriri
1390 3003 1453 3038 eum

333 3075 476 3143 sententia,
494 3075 631 3144 piissimus
656 3093 706 3128 rex
725 3075 838 3128 Carolus
864 3077 955 3126 motus
980 3073 1166 3127 misericordia
1192 3075 1227 3128 ob
1253 3091 1374 3128 amorem
1393 3073 1452 3141 Dei,

333 3168 361 3217 et
380 3163 443 3232 quia
462 3165 680 3233 consanguineus
700 3165 756 3218 eius
775 3167 842 3232 erat,
862 3163 981 3216 obtinuit
1001 3163 1035 3215 ab
1054 3163 1119 3232 ipsis
1131 3163 1183 3216 Dei
1202 3181 1233 3216 ac
1252 3162 1306 3216 suis
1318 3161 1452 3230 fidelibus,
1473 3174 1499 3213 ao

332 3257 363 3305 ut
391 3270 445 3306 nou
471 3256 633 3309 moreretur.
678 3253 715 3306 Et
740 3253 924 3322 interrogatus
950 3255 966 3304 a
990 3268 1055 3322 rege
1080 3252 1218 3320 predictus
1244 3253 1362 3320 Tassilo,
1389 3251 1454 3320 quid

334 3359 415 3410 agere
433 3341 572 3408 voluisset,
590 3341 746 3410 postulavit,
772 3346 803 3394 ut
821 3341 961 3395 licentiam
986 3341 1101 3394 haberet
1126 3345 1161 3394 se
1187 3341 1347 3394 tonsorandi
1373 3346 1400 3394 et
1425 3340 1453 3392 iu

332 3431 528 3483 monasterium
546 3431 704 3483 introeundi
723 3435 751 3482 et
769 3448 819 3498 pro
838 3431 921 3483 tantis
939 3431 1059 3498 peccatis
1076 3431 1257 3498 penitentiam
1276 3429 1382 3499 agendi,
1402 3427 1446 3482 etl

333 3536 409 3572 suam
428 3520 546 3572 salvaret
565 3520 693 3574 animam.
731 3518 864 3573 Similiter
884 3523 911 3572 et
928 3519 1001 3572 filius
1027 3519 1084 3572 eius
1103 3519 1198 3573 Teodo
1225 3519 1388 3572 diiudicatus
1413 3522 1455 3571 est

334 3613 361 3660 et
380 3611 536 3662 tonsoratus
553 3609 582 3661 in
600 3607 797 3661 monasterium
816 3609 920 3664 missus.
957 3607 995 3660 ut
1012 3609 1092 3676 pauci
1111 3607 1264 3680 Baioariim,
1284 3608 1332 3676 qui
1357 3609 1385 3660 in
1407 3606 1452 3660 ad·
1473 3617 1498 3656 35

333 3697 462 3752 versitate
480 3698 553 3768 regis
572 3697 663 3751 Caroli
681 3697 831 3766 perdurare
850 3698 988 3764 volebant,
1007 3697 1083 3750 missi
1101 3702 1164 3752 suut
1182 3698 1211 3750 in
1230 3698 1351 3752 exilium.

334 3897 355 3945 a)
375 3899 421 3932 tam
438 3895 458 3932 Δ
469 3897 489 3934 1.
571 3895 594 3943 b)
612 3895 639 3934 In
658 3896 681 3933 in
700 3895 745 3934 loco
764 3905 814 3933 raso
832 3894 853 3932 A
864 3895 882 3937 1.
963 3896 982 3943 c)
1003 3893 1068 3934 Anno
1082 3915 1109 3924 -
1122 3893 1323 3936 DOCLXXXVIII.
1342 3905 1383 3932 om.
1402 3893 1452 3932 Ar.

334 3946 533 3996 d)baiostriisA1.
584 3948 604 4000 e)
614 3949 671 3996 sorte
680 3949 784 3988 contione
794 3948 948 3986 emendandum
953 3960 962 3995 ;
973 3947 1000 3994 of.
1012 3959 1079 3996 supra
1087 3961 1111 3997 p.
1119 3949 1139 3996 8,
1150 3949 1192 3990 Η.
1203 3949 1236 3998 72,
1247 3949 1262 3986 l.
1271 3947 1295 3996 ὃς
1306 3947 1368 3994 infra
1376 3959 1396 3989 a.
1406 3947 1453 3986 800.

334 4003 352 4052 t)
371 3999 510 4040 obsidionem
524 4001 572 4042 Al.
650 4009 670 4050 g)
691 4013 772 4042 auoros
786 4003 834 4042 Ar.
912 4003 935 4050 h)
954 4002 1011 4048 forte
1025 3999 1054 4040 ad
1069 4012 1092 4040 se
1107 4011 1134 4039 aa
1147 4002 1204 4044 Ana.
1218 4013 1237 4044 r.
1253 4001 1291 4043 Fr.
1302 4001 1451 4050 supplendum.

334 4056 350 4102 i)
364 4055 497 4104 longobardi
510 4055 558 4096 Al.
623 4055 646 4107 k)
660 4056 717 4104 sorte
730 4067 775 4094 una
788 4067 815 4094 aa
829 4055 886 4094 Anu.
902 4066 921 4098 r.
937 4055 973 4096 Fr.
988 4055 1137 4104 emplastum.
1198 4053 1214 4105 1)
1229 4059 1252 4094 et
1265 4058 1291 4094 ut
1304 4056 1361 4095 Ana.
1378 4065 1398 4093 r.
1413 4054 1452 4094 Fr,
1471 4051 1498 4089 to

334 4108 364 4159 m)
379 4109 481 4148 baiostrii
493 4109 513 4146 A
522 4111 541 4148 l.

335 4288 361 4351 1)
381 4287 421 4352 Cf.
437 4287 507 4339 Ana.
523 4286 610 4340 Laur.
625 4289 688 4339 inin.
703 4287 720 4338 l.
736 4287 753 4340 l.
826 4285 854 4355 2)
874 4286 915 4350 Cf.
934 4302 1020 4352 supra
1034 4302 1064 4352 p.
1079 4287 1122 4350 27,
1142 4287 1159 4340 l.
1172 4288 1198 4341 4.
1271 4284 1298 4356 3)
1316 4287 1349 4341 A.
1364 4301 1388 4340 r.
1403 4284 1453 4339 rr.

334 4359 451 4412 addunt:
471 4356 596 4409 similiter
613 4359 641 4408 et
658 4355 767 4423 pascha.
839 4356 867 4426 4)
888 4357 928 4422 Of.
947 4373 1033 4424 sapa-a
1052 4373 1081 4424 p.
1101 4361 1144 4424 52,
1166 4357 1182 4411 l.
1202 4358 1245 4412 24.
