3304 4892
335 369 371 422 80
471 364 653 420 ANNALES
671 363 897 419 METTENSES
914 363 1086 421 PRICRES.
1117 365 1152 421 A.
1167 369 1320 425 ree—795.

217 591 237 629 A
265 522 326 628 723·
335 542 467 596 fossatum
492 560 624 612 magnum
649 542 765 613 [intera]
791 543 946 597 Alcmana²
971 547 999 596 et
1023 543 1179 597 Radantia²
1203 544 1336 612 pervenit,
1361 545 1454 614 ibique

239 602 275 630 .r.
306 602 325 630 r.
335 631 412 686 missi
431 632 574 700 apostolici
600 649 663 684 cum
684 632 792 700 magnis
817 632 975 686 muneribus
999 632 1150 700 presentati
1175 638 1244 688 sunt.
1289 633 1334 687 Ibi
1358 635 1453 688 missus

335 720 470 774 nuntiavit
487 719 609 774 Saxones
628 720 729 774 iterum
748 719 908 776 fefellisseb.
951 719 1022 774 Inde
1046 737 1096 789 per
1113 721 1286 776 Radantiam
1311 723 1339 776 in
1357 721 1453 776 Mobin

334 809 432 864 navale
449 810 502 864 iter
517 827 660 878 peragens,
672 809 793 862 natalem
804 809 916 862 Domini
928 809 1077 863 celebravit
1089 809 1124 862 ad
1136 813 1261 864 sanctum
1274 809 1447 864 Cbilianum0

215 937 242 974 Δ,
254 948 272 976 Γ,
284 938 323 977 Γ).
333 898 362 952 in
375 895 584 954 wirzinburhd.
1472 912 1486 950 u

264 993 323 1046 794.
440 987 563 1040 Anno⁰
587 985 791 1040 dominicae
816 986 1088 1040 incarnationis
1113 985 1304 1044 DCCXCIIII.
1348 987 1453 1042 Pascha

213 1061 278 1102 Hm·
290 1062 323 1101 ²³·
333 1076 503 1131 celebratum
521 1080 562 1129 eet
580 1077 608 1128 in
627 1074 838 1143 Franconofurt,
863 1075 956 1144 ibique
975 1080 1142 1146 congregata
1161 1080 1202 1130 est
1222 1075 1332 1130 sinodus
1353 1093 1452 1147 magna

333 1166 524 1234 episcoporum
550 1163 712 1232 Galliarum,
739 1163 978 1234 Germaniarum,
1002 1165 1161 1218 Italiarum
1184 1167 1212 1219 in
1237 1166 1373 1236 presentia
1397 1167 1451 1220 iam

333 1253 384 1307 fati
402 1254 531 1324 principis
551 1258 578 1306 et
595 1253 740 1306 missorum
759 1253 854 1306 domni
871 1253 1016 1322 apostolici
1028 1253 1151 1324 Adriani,
1170 1271 1287 1325 quorum
1305 1259 1368 1308 sunt
1383 1255 1451 1309 haec

332 1342 460 1396 nomina:
479 1342 693 1411 Theophilactus
712 1345 739 1396 et
756 1341 910 1410 Stephanus
929 1342 1059 1410 episcopi.
1089 1341 1133 1396 lbi
1150 1343 1233 1396 tertio
1252 1343 1452 1412 condempnata
1472 1359 1498 1397 10

333 1435 374 1486 est
401 1431 502 1485 heresis
526 1430 674 1487 Feliciana.
720 1430 809 1501 Quem
835 1430 1059 1500 dampnationem
1084 1449 1134 1499 per
1159 1431 1349 1485 auctoritatem
1375 1449 1450 1486 sanc·

332 1525 425 1574 torum
442 1528 552 1588 patrum
571 1520 600 1573 in
618 1519 688 1574 libro
708 1520 937 1588 conscripserunt,
957 1537 1037 1588 quem
1056 1519 1156 1574 librum
1178 1538 1271 1574 omnes
1297 1520 1451 1575 sacerdotes

332 1609 457 1664 manibus
487 1608 605 1677 propriis
634 1609 861 1678 subscripserunt.
911 1606 956 1662 Ibi
983 1608 1053 1662 obiit
1079 1608 1212 1663 Fastrada
1241 1609 1339 1680 regina
1369 1613 1396 1664 et
1422 1610 1450 1664 in

332 1697 433 1752 Sancto
446 1696 557 1750 Albano
575 1696 724 1750 honorifice
742 1698 850 1766 sepulta
869 1700 918 1752 est.
955 1695 1175 1750 Pseudosinodus
1189 1697 1349 1766 Grecorum,
1368 1717 1450 1768 quam

332 1785 422 1840 falsof
438 1785 583 1854 septimam
601 1785 744 1853 vocabant,
763 1803 813 1854 pro
833 1784 979 1840 adorandis
998 1785 1161 1855 imaginibus
1174 1787 1331 1856 fecerunta,
1349 1789 1450 1842 reiecta
1470 1801 1497 1840 15

333 1879 374 1928 est
395 1878 411 1928 a
435 1873 619 1944 pontificibus.
662 1873 733 1928 Inde
757 1879 847 1928 motus
873 1879 913 1929 est
939 1875 1075 1928 exercitus
1099 1875 1222 1945 partibus
1240 1875 1376 1930 Saxoniae
1400 1893 1451 1945 per

332 1964 399 2017 duas
418 1967 536 2017 turmas:
556 1963 584 2015 in
602 1980 655 2015 una
674 1961 727 2016 fuit
752 1963 868 2017 domnus
888 1963 1001 2018 Carolus
1027 1963 1235 2033 gloriosissimus
1261 1982 1318 2032 rex,
1343 1965 1372 2017 in
1397 1966 1450 2018 alia

332 2053 406 2105 misit
433 2052 564 2105 domnum
592 2051 730 2120 Ceuclum,
761 2052 961 2106 nobilissimum
988 2051 1076 2106 filium
1103 2069 1190 2122 suum,
1220 2071 1270 2123 per
1298 2053 1448 2110 Coloniam.

332 2139 455 2194 Saxones
473 2145 565 2194 autem
584 2145 780 2211 congregantes
800 2144 827 2194 se‘
846 2141 875 2194 in
894 2159 990 2210 campo
1007 2141 1055 2210 qui
1073 2141 1174 2196 dicitur
1185 2140 1369 2211 Sinufeldh·⁸,
1387 2160 1448 2211 prc-

331 2235 458 2299 parantes
483 2248 512 2284 se
537 2229 613 2299 quasi
639 2229 674 2283 ad
697 2248 826 2300 pugnam.
874 2229 943 2283 Cum
969 2248 1034 2284 vero
1063 2230 1201 2284 audissent
1227 2249 1255 2284 se
1283 2249 1317 2285 ex
1344 2231 1449 2284 duabus
1468 2247 1496 2284 ao

164 2302 320 2397 ‘'f‘ssfflgffg
331 2320 454 2389 partibus
472 2337 530 2374 esse
549 2318 740 2387 circumdatos,
753 2317 894 2388 dissipavit
906 2319 979 2373 Deus
992 2320 1104 2372 consilia
1117 2337 1219 2374 eorum.
1251 2319 1305 2373 Eti
1326 2320 1449 2389 quamvis

240 2385 246 2396 .
271 2385 278 2406 '
314 2385 520 2462 'fraudulenter
538 2413 566 2462 et
578 2407 745 2461 Christianos
764 2409 791 2461 se'
811 2412 839 2460 et
856 2407 950 2462 fideles
968 2407 1069 2462 domni
1087 2408 1165 2478 regis
1185 2407 1244 2461 fore
1256 2409 1447 2477 promiserunt,

331 2497 397 2550 rexl
423 2497 457 2550 ad
482 2499 619 2566 palacium
638 2497 712 2566 quod
730 2495 818 2566 Aquis
838 2501 950 2550 vocatur
975 2496 1056 2550 rediit
1081 2497 1174 2565 ibique
1199 2497 1319 2550 natalem
1338 2497 1448 2550 Domini

332 2587 506 2640 celebravit⁴.

217 2722 237 2759 A
255 2653 321 2761 ἕξ·
438 2674 564 2728 *launok
585 2675 789 2728 dominicae
811 2674 1082 2728 incarnationis
1100 2673 1258 2731 DCCXCV.
1296 2673 1447 2729 Carolus
1466 2688 1493 2728 25

240 2754 243 2763 '
269 2752 274 2764 ⁸
317 2751 380 2816 'rex
399 2763 473 2816 venit
491 2762 526 2816 ad
544 2764 635 2817 locum
657 2763 704 2831 qni
729 2763 830 2816 dicitur
848 2761 1070 2832 Cuffinstainl·⁶,
1095 2763 1123 2816 in
1148 2763 1310 2817 suburbium
1329 2762 1446 2833 Mogon-

330 2851 455 2905 tiacensis
480 2851 564 2920 urbis,
591 2857 619 2905 et
645 2852 734 2906 tenuit
760 2852 800 2904 ibi
827 2853 959 2920 placitum
987 2870 1073 2908 suum.
1118 2852 1244 2907 Audiens
1271 2869 1345 2920 vere,
1373 2852 1446 2922 quod

330 2939 451 2994 Saxones
469 2957 545 2994 more
564 2941 643 2994 solito
661 2940 870 3009 promissionem
889 2959 974 3010 suam,
994 2959 1076 3008 qnam
1094 2940 1129 2994 de
1147 2940 1275 2994 habenda
1288 2940 1446 2995 Christiani-

329 3032 387 3083 tate
406 3034 433 3082 et
453 3029 508 3082 fide
526 3030 597 3098 regis
615 3029 735 3083 tenenda
753 3029 884 3097 fecerant,
903 3029 1010 3082 irritam
1028 3029 1161 3096 fecissent,
1188 3047 1251 3084 euru
1277 3030 1399 3084 exercitu
1417 3031 1446 3082 in

330 3119 477 3174 Saxoniam
496 3119 632 3188 ingressus
651 3123 692 3172 est
710 3123 738 3172 ct
756 3136 841 3187 usque
859 3119 894 3172 ad
911 3118 1025 3172 fiuvium
1038 3119 1133 3173 Albim
1150 3119 1283 3188 pervenit,
1302 3118 1337 3171 ad
1354 3119 1445 3172 locum
1465 3133 1491 3172 ao

329 3209 377 3276 qui
395 3209 495 3262 dicitur
510 3207 636 3261 Hliuniss'.
672 3207 707 3261 ln
725 3225 779 3276 quo
798 3214 863 3262 tunc
875 3207 1004 3262 Witzinm
1016 3207 1215 3261 Abodritorum
1234 3225 1284 3260 rex
1303 3205 1445 3260 aSaxoni·

328 3297 379 3350 bus
397 3296 501 3351 occisus
520 3302 567 3352 est.
604 3295 650 3350 Ibi
675 3299 758 3350 etiam
782 3301 918 3350 venerunt
941 3297 1017 3350 missi
1041 3296 1162 3364 sununs,
1188 3295 1234 3364 qui
1256 3296 1286 3348 in
1310 3300 1392 3365 gente
1418 3301 1445 3350 et

233 3396 262 3444 *a
273 3395 319 3442 1ab.
328 3403 413 3456 regno
438 3388 595 3441 Avarcrum
620 3403 749 3454 magnam
774 3390 938 3454 potestatem
964 3386 1098 3454 babebat,
1125 3387 1185 3454 *qui
1210 3385 1345 3454 dixerunt,
1371 3385 1445 3454 quod

328 3475 402 3528 idem
420 3475 560 3528 suumn-⁷
579 3492 641 3527 cum
659 3479 734 3528 terra
752 3478 780 3528 et
797 3477 899 3545 populo
919 3492 967 3528 suo
987 3477 1015 3527 ee
1037 3475 1097 3544 regi
1122 3475 1222 3529 dedere
1247 3474 1339 3529 vellet.
1382 3473 1445 3527 Rex

328 3688 349 3739 a)
364 3690 461 3738 supplevi
474 3690 537 3728 eoeA.
549 3689 614 3730 Ην,
669 3688 691 3739 b)
706 3689 804 3728 tefelisse
818 3691 838 3726 A
848 3692 871 3737 1;
886 3689 1028 3737 supplendum
1042 3689 1108 3728 fidem
1123 3701 1186 3728 suam
1200 3689 1315 3728 secundum
1331 3693 1356 3727 A.
1367 3700 1387 3730 r.
1397 3689 1442 3738 Fr,
1463 3696 1488 3734 35

327 3753 381 3791 quae
394 3743 469 3780 desunt
483 3743 546 3781 ettam
560 3743 583 3780 tn
597 3742 680 3780 duobus
693 3743 757 3781 libris
766 3743 878 3782 eorundem
888 3743 965 3781 classis
974 3743 1004 3794 C,·
1020 3743 1048 3790 cf.
1063 3743 1128 3781 Wtbel
1137 3743 1152 3782 l.
1163 3744 1178 3782 l.
1190 3755 1215 3791 p.
1226 3743 1260 3791 30,
1270 3754 1292 3782 n.
1304 3745 1327 3791 1;
1343 3742 1443 3782 Saxones

328 3796 365 3841 (ad
379 3795 445 3847 corr.)
463 3806 477 3835 a
492 3793 537 3834 fide
556 3796 665 3834 deiecisse
682 3796 736 3834 Lot.
817 3796 837 3846 c)
855 3797 886 3834 stc
899 3797 920 3834 A
930 3799 949 3834 1.
965 3797 1018 3836 Lot.
1034 3797 1101 3842 (Ana,
1115 3808 1134 3838 r.
1147 3797 1196 3845 Fr.)
1202 3808 1210 3842 ,·
1228 3796 1343 3834 Kilianum
1357 3796 1406 3834 Bl.
1422 3796 1442 3834 2.

331 3850 414 3890 Vedcst.
481 3847 504 3900 d)
518 3849 668 3896 Wirzenburg
682 3850 751 3896 Lob.;
764 3849 906 3896 Wirsinburg
918 3849 1018 3896 Vadaei.;
1036 3850 1161 3889 uuitniburc
1175 3850 1194 3888 B
1204 3853 1223 3890 1.
1293 3850 1314 3900 e)
1333 3849 1397 3888 Anno
1417 3869 1442 3878 —

327 3901 477 3944 DCCXCIIII.
491 3913 532 3943 om.
547 3903 564 3940 A
577 3904 596 3944 1.
651 3903 668 3954 t)
683 3903 733 3941 talei
747 3903 767 3940 A
777 3903 795 3944 1.
851 3903 874 3953 g)
888 3904 920 3941 tta
933 3904 997 3940 etiam
1011 3904 1068 3944 Ann.
1082 3914 1101 3944 r.
1114 3903 1153 3944 Fr.
1213 3902 1236 3952 b)
1252 3900 1370 3942 Sinistield
1384 3902 1440 3942 Ann.

326 3967 346 3994 r.
361 3956 410 4004 Fr„
428 3956 465 3994 sed
479 3955 581 3994 sinastelt
595 3965 668 3994 eornm
683 3957 749 3994 codas
763 3956 782 3994 B
791 3957 810 3996 4.
880 3956 896 4006 i)
915 3957 945 3994 sic
958 3957 1083 3994 distinctum
1097 3960 1127 3994 est
1140 3957 1164 3994 in
1177 3957 1197 3994 A
1208 3957 1227 3994 1.
1297 3956 1320 4006 k)
1338 3957 1402 3994 Anno
1417 3976 1442 3984 —
1460 3961 1488 3999 40

326 4008 449 4050 DCCXCV.
465 4019 507 4047 om.
522 4009 569 4049 Al.
625 4009 641 4060 l)
656 4008 758 4048 cuffinstd
773 4010 818 4052 Al.
872 4011 902 4058 m)
917 4007 1082 4060 tuncuiuitllzin
1096 4009 1143 4047 Al.
1198 4009 1221 4059 n)
1236 4007 1313 4048 tridun
1327 4011 1373 4048 Al.

327 4205 353 4274 l)
373 4205 503 4259 Alcmena
594 4205 621 4271 2)
643 4204 757 4256 Ruinitz
774 4206 826 4256 aive
844 4204 935 4258 Bezat.
1026 4204 1054 4270 3)
1080 4203 1139 4256 Dos
1157 4204 1285 4268 Sendfeld
1302 4221 1315 4256 e
1332 4203 1442 4254 mundio

326 4277 403 4328 urbis
420 4276 586 4330 Paeanem.
676 4275 704 4342 4)
730 4276 764 4330 A.
783 4292 807 4329 r.
826 4275 875 4330 Fr.
894 4275 971 4328 odd:
997 4278 1025 4326 et
1042 4274 1150 4342 pascha.
1241 4274 1268 4345 5)
1294 4274 1440 4328 Koatbcim.

328 4347 355 4417 6)
373 4349 449 4398 Istinc
465 4364 549 4416 prope
567 4347 720 4411 Dttneburq.
794 4346 820 4415 7)
841 4346 882 4411 Cf,
901 4347 1099 4398 Abel-Simaon
1118 4347 1157 4412 H,
1176 4364 1205 4413 p.
1226 4349 1269 4412 97,
1288 4363 1314 4399 n.
1334 4348 1359 4398 6.
