3322 4880
346 421 527 479 ANNALES
545 419 771 476 narramus
790 419 963 478 PRIORES.
994 422 1030 475 A.
1043 426 1103 479 743.
1117 425 1177 480 744.
1287 429 1323 481 35

205 607 312 690 Sergi,
337 607 440 670 modo
460 606 691 688 cognovimns,
717 604 799 688 quia
816 608 857 668 tu
875 625 946 669 non
965 601 1024 669 es*
1042 609 1181 670 sanctus
1197 606 1321 671 Petrus

204 695 382 781 apostolus
404 715 468 758 nec
487 694 698 776 legationem
717 693 812 756 illius
832 714 873 759 ex
891 693 1038 758 veritate
1057 694 1157 777 geris.
1193 695 1321 760 Dixisti

204 786 295 850 enim
326 782 426 848 nobis
455 784 619 848 hesterna
648 783 714 860 die,
745 782 837 865 quod
869 782 1015 846 domnus
1043 783 1252 866 apostolicus
1280 805 1321 849 ex

204 873 435 937 auctoritate⁰
462 872 573 936 sancti
596 871 692 936 Petri
727 875 763 935 et
795 891 857 934 sua
890 875 1044 936 nostram
1074 872 1247 936 iusticiam
1278 873 1320 938 de

172 953 393 1026 assaioariisb
425 961 698 1037 contradixisset,
734 964 770 1024 et
803 980 866 1023 nos
904 960 1052 1023 diximus
1089 960 1166 1037 tibi,
1205 961 1316 1043 quod⁰

204 1054 344 1114 sanctus
360 1049 484 1114 Petrus
503 1069 565 1114 nec
582 1050 728 1113 domnus
747 1047 957 1131 apostolicus
973 1053 1009 1113 te
1024 1049 1127 1113 istam
1144 1045 1321 1113 causam*

205 1137 289 1203 'non
312 1138 505 1202 ordinasset
529 1138 653 1202 dicere.
700 1137 831 1201 Iccirco
855 1137 952 1214 scias,
981 1138 1011 1202 si
1033 1141 1174 1202 sanctus
1197 1138 1321 1203 Petrus
1331 1161 1361 1209 a.
1369 1162 1399 1204 u.

204 1228 429 1311 cognovisset,
461 1227 552 1309 quod
575 1229 693 1290 nostra
723 1226 863 1290 iusticia
891 1246 962 1290 non
984 1227 1118 1304 fuisset,
1151 1228 1255 1292 hodie
1284 1228 1321 1290 in

203 1317 270 1380 isto
294 1316 386 1380 bello
410 1316 509 1380 nobis
532 1315 743 1379 adiutorium
767 1335 835 1379 non
860 1315 1077 1399 prestitisset.
1116 1315 1218 1380 Nunc
1239 1336 1320 1380 vero

159 1427 185 1466 ιο
204 1408 318 1469 certus
348 1407 432 1481 esto,
463 1398 578 1487 quod‘1
604 1425 665 1488 per
694 1403 976 1469 intercessionem
1007 1405 1101 1469 beati
1125 1404 1221 1468 Petri
1244 1425 1320 1490 apo-

202 1494 369 1557 stolorum
394 1493 594 1577 principis⁰,
619 1513 680 1576 per
702 1493 871 1557 iudicium
895 1493 971 1569 Dei,
996 1494 1089 1577 quod
1112 1494 1227 1558 subire
1251 1515 1320 1558 non

203 1583 400 1647 distulimus
411 1582 431 1659 ¹,
460 1575 673 1646 Bavvariamf
697 1581 936 1665 Bovariosque
960 1583 1004 1646 ad
1028 1581 1238 1646 Francorum
1261 1584 1321 1646 im·

202 1672 335 1755 perium
366 1671 560 1755 pertinere’.
608 1670 704 1735 Haec
734 1673 851 1734 antem
886 1671 968 1734 dum
999 1671 1092 1754 apud
1123 1671 1318 1736 Bavvarios⁸

202 1765 397 1844 agerentur,
423 1759 608 1824 Hunaldus
636 1760 706 1822 dux
729 1759 938 1842 Aquitaniae
962 1759 1114 1843 Ligerim
1137 1761 1318 1838 transiens,
1655 1781 1656 1826 i

157 1869 183 1909 1⁶
202 1870 280 1913 cum
311 1871 415 1913 manu
443 1841 615 1913 validm-2
644 1849 689 1912 ad
713 1842 928 1913 Oamotis¹·³
955 1849 1077 1912 urbem
1107 1850 1318 1933 perveniens,

201 1932 297 2021 ipsak
319 1939 460 2003 civitate
492 1938 617 2014 diruta,
648 1937 729 2020 igne
758 1931 851 2001 eam¹
877 1939 1044 2002 cremavit
1067 1958 1145 2002 cum
1174 1938 1320 2003 ecclesia
1655 1975 1656 1984 κ

202 2027 399 2110 episcopali,
412 2027 549 2110 quaein
565 2027 755 2090 honoremm
768 2029 907 2090 sanctae
919 2026 987 2090 Dei
998 2027 1175 2109 genitricis
1187 2027 1319 2091 Mariae

202 2119 402 2180 consecrata
425 2116 550 2180 fuerat.
598 2114 695 2178 Haec
719 2117 836 2178 autem
863 2114 949 2179 fecit
978 2136 1040 2199 per
1063 2117 1319 2200 suggestionem

203 2203 374 2269 Otilonisn
394 2204 500 2280 ducis,
525 2204 585 2286 qui
608 2223 670 2286 per
692 2203 945 2267 internuntios⁰
965 2204 1067 2268 fedus
1090 2205 1254 2282 inierunt,
1278 2210 1319 2269 ut

156 2313 184 2354 ao
201 2294 435 2376 unusquisque
474 2313 591 2357 eorum
629 2291 863 2356 irruentibusp
891 2292 1032 2356 Francis
1066 2293 1157 2357 terre
1192 2293 1315 2358 alteris

202 2382 291 2446 alter
314 2383 505 2446 subsidium
525 2381 734 2446 debuissent·
772 2391 879 2446 Eodem
898 2409 969 2446 anno
988 2391 1223 2446 carolomannum
1242 2405 1430 2462 par-Amr.

201 2483 290 2536 rexit
315 2483 344 2535 in
362 2482 508 2537 Saxoniam
530 2485 557 2535 et
579 2482 652 2550 cepit
677 2485 797 2535 castrum
821 2480 895 2548 quod
921 2479 1022 2534 dicitur
1038 2480 1266 2552 Homioburgs·⁴
1291 2485 1319 2536 et

201 2571 400 2626 Theodericum
423 2571 539 2626 ducem
559 2571 746 2625 Saxonumt
770 2569 991 2640 subiugavit⁵.

307 2650 431 2713 Annou
454 2649 645 2712 dominicae
668 2647 916 2712 incarnationis
939 2645 1204 2710 DCOXLIIII.6
1240 2619 1487 2737 Pipssfflmae·

156 2757 182 2797 ss
201 2738 302 2820 pinus
341 2743 377 2802 et
416 2737 708 2802 carolomannusr
750 2756 819 2799 non
860 2737 1075 2800 immemores
1112 2736 1317 2800 iniuriarum

201 2825 381 2889 Hunaldi⁷
402 2825 548 2951 ferfidiss
571 2826 668 2888 ducis
692 2829 728 2890 et
750 2825 963 2902 vastationis,
995 2846 1097 2907 quam
1127 2825 1197 2888 illis
1231 2819 1314 2908 [inv]

201 2914 394 2978 Baioariam
444 2913 689 2978 dimicantibus
719 2914 931 2998 perpetravit
941 2913 962 2990 ⁹,
994 2913 1139 2978 collecto
1164 2915 1316 2979 exercitu

201 3003 359 3086 Ligerem
403 3006 586 3067 transeunt
633 3007 669 3068 et
707 3006 819 3068 castra
859 3003 896 3065 in
943 3003 1068 3066 finibus
1107 3003 1315 3085 Aquitaniae
1657 3005 1658 3016 ¹

200 3096 345 3176 ponunt.
384 3093 514 3156 Videas
525 3091 551 3130 1⁰
582 3095 699 3158 autem
729 3091 924 3168 Hunaldus,
957 3092 1049 3174 quod
1079 3091 1128 3154 eis
1157 3092 1315 3156 resistere

1657 3379 1658 3424 i

156 3279 182 3319 so
312 3265 339 3333 ¹⁸²)
361 3265 499 3333 quianon
516 3264 673 3332 probaris
693 3279 764 3317 esse
782 3265 842 3318 Β1.

295 3337 338 3403 **)
359 3340 387 3389 te
405 3336 485 3388 istam
507 3335 712 3405 legationem
734 3333 908 3387 misissent
931 3333 1030 3391 dicere.
1072 3332 1180 3388 Idcirco
1206 3337 1316 3387 autem

360 3407 436 3474 scias,
456 3406 544 3473 quia,
563 3405 586 3459 si
604 3411 713 3460 sanctus
730 3404 829 3458 Petrus
847 3412 892 3460 etc.
910 3406 936 3457 Β
946 3408 969 3461 l.

200 3585 416 3635 a)actoritateB1.
476 3584 498 3634 b)
513 3583 666 3623 baioriisAl.
729 3583 941 3633 c)necadd.Bl.
1003 3581 1026 3634 d)
1041 3583 1072 3622 isa
1085 3582 1195 3623 ALBI.
1257 3583 1315 3634 e)et

200 3640 251 3678 cdd.
266 3639 313 3681 Β1.
366 3637 521 3687 nbaioariam
536 3638 691 3684 baioariosque
705 3637 751 3676 Β1.
811 3636 833 3686 g)
847 3637 959 3676 baioarios
973 3636 1020 3676 Bl.
1079 3637 1102 3686 h)
1117 3633 1253 3675 menwalida
1266 3637 1313 3676 Al.

155 3693 180 3734 85
199 3693 330 3785 2⁰⁸¹L¹¹¹¹²¹⁸
344 3695 396 3740 post
411 3701 468 3749 corr.
483 3691 582 3783 οητιῗῑῙίι
595 3690 642 3730 Al.
666 3719 697 3781 kh
724 3689 748 3740 k)
766 3690 819 3781 iszal
829 3689 921 3729 ciuitate
935 3688 1145 3782 diffitapoglcorr.
1160 3689 1210 3780 ipsi}
1223 3690 1315 3754 ciuitate

199 3746 337 3841 auid·
365 3743 574 3848 „isitius
616 3741 789 3846 amicta
802 3771 850 3836 rr.
888 3742 1178 3848 ”dictitarat
1204 3753 1314 3846 distr

199 3854 349 3902 burgorum,
364 3852 572 3900 utoideturmanu
585 3861 642 3890 corr.
658 3849 793 3896 hocsiobnrg
806 3850 852 3890 Β1.
909 3849 925 3900 t)
940 3850 1057 3888 sexenium
1070 3849 1117 3888 131.
1172 3849 1195 3900 n)
1210 3850 1274 3888 Auno
1288 3870 1315 3880 -

200 3905 352 3946 Dccxnlm.
367 3917 409 3945 cm.
424 3905 472 3945 Al.
527 3905 549 3954 v)
564 3915 605 3943 om.
621 3903 669 3943 Al.

154 4063 182 4103 so
201 4050 229 4115 1)
249 4048 289 4112 Cf.
307 4064 393 4117 supro
407 4064 437 4114 p.
454 4050 480 4114 8,
500 4047 517 4100 l.
533 4048 584 4111 283
601 4063 629 4112 p.
645 4047 689 4109 24,
710 4045 727 4099 l.
746 4047 787 4100 13.
805 4046 847 4099 14.
918 4046 947 4112 2)
969 4045 1011 4108 Cf.
1029 4060 1115 4111 supra
1131 4062 1159 4113 p.
1175 4047 1219 4112 27,
1236 4047 1254 4100 l.
1270 4047 1313 4100 21.

200 4122 228 4187 8)
248 4119 383 4174 cauare.
464 4117 492 4187 4)
511 4116 627 4183 Saotero
640 4131 727 4182 prope
744 4115 875 4170 Ecclebcn.
957 4117 985 4182 5)
1005 4116 1078 4170 Aac.
1096 4131 1121 4171 r.
1140 4117 1207 4171 cr„-
1225 4115 1314 4169 iiico·

200 4188 323 4242 dericum
341 4187 478 4243 Saxonem
496 4187 652 4256 placitando
671 4185 841 4254 conquisivit.
878 4188 951 4241 Anu.
970 4203 994 4253 q.
1013 4187 1038 4242 d.
1051 4187 1206 4238 Einhords':
1225 4186 1313 4238 Theo·

200 4259 324 4314 doricum
336 4258 482 4325 saxonem,
494 4258 567 4311 illius
579 4259 632 4311 loci
644 4257 815 4326 primarium,
827 4257 856 4310 in
869 4256 1036 4310 deditionem
1048 4257 1162 4325 accepit.
1226 4259 1253 4324 6)
1271 4257 1309 4320 Os

200 4331 376 4383 Mardocha
399 4347 443 4386 nr.
462 4333 524 4385 49a.
609 4329 636 4398 7)
661 4328 703 4392 Cf.
722 4345 809 4396 supra
830 4345 859 4395 p.
878 4331 922 4395 23,
947 4330 965 4384 l.
984 4331 1026 4384 23.
1110 4331 1139 4396 8)
1168 4329 1209 4392 Of.
1227 4343 1313 4393 cupra

155 4418 182 4459 45
196 4420 226 4471 p.
239 4405 283 4470 28,
301 4405 318 4458 l.
331 4404 356 4458 9.
375 4405 415 4458 10.
489 4402 517 4469 9)
536 4401 578 4466 Of.
595 4415 682 4468 supra
700 4415 727 4456 a.
740 4401 800 4454 743.
874 4402 918 4467 10)
938 4401 980 4464 Cf.
999 4416 1085 4466 supra
1099 4416 1129 4466 p.
1142 4401 1186 4465 32,
1203 4399 1220 4454 l.
1234 4400 1277 4454 25,

1067 4504 1102 4562 3*
