3322 4880
328 377 401 432 XIV
772 377 1003 434 PRAEFATIO.

327 560 456 642 saepius
492 560 636 642 scriptor,
683 561 796 644 quippe
834 561 890 643 qui
934 562 1023 626 baud
1059 562 1151 627 (trebie
1197 563 1328 628 clericus
1372 563 1445 646 fuit,

327 671 501 714 sermouem
523 649 653 715 Bibliae
677 650 830 732 Vulpatae
854 649 947 716 elictis
970 650 1140 716 ueloruaoit
1151 652 1170 716 1.

436 738 522 802 Noui
545 738 740 804 couiecturas
763 745 896 821 orputos
919 761 1004 820 saue,
1027 761 1107 821 quas
1126 741 1161 805 V.
1184 740 1230 806 Ol.
1255 743 1297 806 F.
1314 742 1446 807 Kuree²

328 829 366 892 ele
400 826 525 910 oriyiue
558 827 662 909 operis
698 827 860 909 uariisque
897 828 966 892 eius
1002 828 1238 895 receusiouibus
1269 831 1444 912 proposuit.

329 917 401 995 Sed,
424 916 548 980 utiam
565 915 661 997 prius
682 916 746 995 feci
756 917 777 995 ³,
808 916 912 995 fateor
939 939 988 981 me
1010 939 1080 982 eum
1102 917 1140 983 iu
1162 925 1228 982 tam
1254 918 1388 999 olfactu·
1418 926 1477 985 ets

327 1011 469 1070 coutorta
495 1025 529 1070 re
552 1004 640 1086 sequi
662 1025 727 1069 uou
743 1026 837 1086 posse
859 1011 896 1086 u,
920 1027 1000 1087 quae
1017 1008 1170 1088 probasse
1196 1007 1377 1089 arbitretur,
1408 1030 1446 1073 ea

326 1093 407 1158 mibi
430 1115 469 1158 ue
486 1093 671 1175 probabilia
693 1093 819 1175 quietem
841 1093 953 1159 uideri.

434 1183 479 1247 Io
506 1204 527 1246 a
556 1181 725 1247 verisimili
753 1204 819 1247 uou
848 1183 996 1248 abborret
1023 1183 1205 1264 scriptorem
1235 1184 1326 1266 libri,
1356 1206 1446 1268 quem

326 1273 422 1336 cocleu
456 1270 682 1336 Duuelmeusis
720 1271 873 1353 coutiuet,
912 1293 972 1336 sua
1009 1271 1076 1337 ium
1114 1293 1152 1336 eu
1186 1293 1276 1354 msere
1310 1275 1444 1355 quodam

327 1359 537 1441 suscripsisse,
569 1361 652 1441 quael
679 1359 901 1425 uorrotiouem
929 1382 994 1425 uou
1022 1362 1109 1425 ultro
1138 1383 1260 1426 ouuum
1290 1368 1365 1427 805.
1397 1364 1445 1427 de·
1465 1390 1490 1428 ιο

326 1448 462 1513 eluxerit.
520 1451 633 1530 Quoad
661 1470 763 1514 aureos
794 1454 994 1514 sos-829.
1023 1449 1106 1514 uibil
1136 1449 1283 1515 babuisse
1311 1451 1443 1533 uidetur,

325 1539 410 1618 quael
431 1537 617 1603 Auualibus
645 1538 737 1622 requi
759 1539 963 1604 Fraucorum
989 1537 1135 1620 adiceret,
1165 1559 1216 1604 eos
1246 1541 1291 1604 acl
1318 1542 1444 1605 uerbum

326 1627 554 1693 transscribere
583 1633 752 1692 couteutus.
811 1629 898 1708 Quae
926 1633 1083 1708 postremo
1113 1629 1151 1692 cle
1179 1630 1272 1693 rebus
1305 1651 1335 1693 a.
1368 1635 1443 1692 830.

323 1715 420 1797 pestis
453 1715 626 1796 subiuuuit,
657 1737 695 1781 ea
724 1722 781 1782 aut
814 1737 870 1780 suo
900 1716 1010 1781 Marte
1043 1715 1174 1800 scripsit
1207 1723 1263 1782 aut
1293 1738 1373 1782 uoco
1407 1738 1445 1782 erc

325 1804 412 1884 fonte
446 1804 563 1869 bausit.
621 1804 726 1886 Alibi,
761 1805 843 1870 velut
877 1827 907 1869 o.
939 1811 1014 1869 693.
1047 1810 1120 1868 763.
1155 1811 1228 1869 779.
1261 1812 1335 1870 785.
1368 1812 1442 1870 801.
1464 1831 1488 1870 rc

328 1895 422 1975 8044,
469 1899 580 1958 auctor
616 1894 719 1958 uerbis
763 1898 804 1957 ub
843 1895 997 1979 superius
1035 1895 1233 1972 retulimus,
1273 1900 1313 1958 ub
1351 1917 1443 1980 prae·

327 1983 474 2047 diximus
493 1982 686 2048 similibusoe
709 1984 850 2048 lectorem
874 1984 918 2047 ool
939 1984 1029 2064 locos,
1053 1982 1108 2046 ubi
1122 1983 1189 2047 iam
1205 1985 1313 2048 coelem
1328 2004 1443 2048 uarro·

325 2071 414 2152 uerit,
445 2078 587 2153 reuocat;
616 2071 667 2136 bic
690 2071 803 2136 Iuolitb
831 2071 1032 2155 imperatris,
1062 2071 1220 2137 Medouici
1242 2072 1299 2136 Pii
1328 2071 1444 2138 couiuu

324 2159 436 2242 alteru,
460 2160 554 2241 quasi
576 2181 657 2241 quoe
679 2162 819 2225 uouelum
842 2167 1081 2226 commemorata
1104 2160 1154 2242 sit,
1181 2161 1354 2243 iuclucitur,
1385 2161 1443 2226 etsi

324 2247 392 2312 iam
421 2270 452 2312 a.
477 2255 552 2313 819.
577 2249 798 2330 imperatorem
820 2271 889 2314 eom
912 2250 1040 2314 ducisse
1061 2249 1212 2330 scriptum
1236 2249 1286 2314 sit.
1334 2252 1443 2315 Sermo
1462 2277 1488 2315 se

324 2356 444 2419 quoque
467 2360 489 2403 a
504 2337 674 2422 prioribus
697 2337 849 2419 diuersus,
873 2337 971 2402 ulmis
993 2338 1130 2404 iucultus
1152 2338 1258 2419 etqui
1280 2342 1442 2419 quautam

323 2426 565 2492 similitudmem
588 2449 715 2509 operum
736 2427 864 2492 illorum
894 2447 973 2508 quae
996 2425 1129 2491 Alarico
1158 2427 1321 2508 episcopo5
1349 2427 1442 2492 Oeuo-

324 2515 454 2579 mauuis
476 2516 733 2597 couficiebautur,
756 2515 923 2582 Gestorum
937 2514 1066 2580 Alolrici
1088 2514 1231 2580 uidelicet
1253 2521 1282 2580 et
1304 2516 1441 2580 Actuum

322 2603 537 2684 episcoporum
558 2603 773 2670 Ceuomouuis
795 2605 832 2669 iu
846 2607 923 2670 urbe
939 2603 1124 2686 clepeutium,
1141 2604 1293 2684 referat⁶.
1329 2604 1441 2669 Meui-

322 2691 436 2770 festius
459 2694 566 2757 eaclem
592 2693 741 2757 marratio
770 2693 928 2772 fautorem
958 2715 1063 2759 acrem
1092 2692 1306 2776 imperatricis
1329 2693 1441 2757 Iuditb
1460 2718 1486 2758 ss

323 2785 353 2844 et
374 2779 439 2860 ulti
461 2781 529 2846 eius
553 2781 672 2844 Karoli
688 2781 832 2864 prodit⁷.

431 2869 534 2934 Porro
557 2870 740 2951 frapmeuta
762 2889 862 2950 supra
877 2876 1050 2934 memorata
1066 2870 1181 2934 librum
1197 2871 1254 2935 boc
1268 2872 1357 2934 modo
1373 2891 1441 2935 cou-

320 2965 441 3040 pestum
463 2958 530 3022 iam
552 2959 676 3022 saeculo
701 2958 744 3038 X,
776 2964 921 3039 excerpta
942 2977 1023 3038 quae
1045 2979 1084 3022 eu
1106 2979 1140 3022 eo
1163 2961 1344 3040 deprompta
1368 2965 1443 3023 suut

323 3068 392 3112 eum
422 3047 518 3112 etiam
547 3047 670 3112 saeculo
699 3047 768 3112 IX.
798 3046 926 3111 iueuute
956 3045 1110 3110 exstitisse
1135 3048 1286 3130 probuut.
1344 3047 1441 3111 Gesta

322 3137 471 3202 abbatum
493 3135 788 3202 Foutauelleusium
815 3134 901 3199 iuter
930 3155 1034 3199 auuos
1057 3140 1132 3198 834.
1163 3141 1192 3199 et
1221 3141 1295 3200 845.
1327 3133 1441 3200 litteris
1460 3160 1485 3200 so

321 3228 476 3291 maudata
498 3232 581 3291 suut.
627 3225 740 3290 Etiam
756 3224 853 3306 prius
875 3223 1021 3288 Auuales
1049 3223 1292 3306 Guelferbytaui
1314 3224 1441 3289 exarati

324 3436 351 3502 1)
369 3436 411 3498 Cf.
428 3440 506 3488 etiem
520 3435 633 3488 Bonuell
648 3436 665 3488 l.
680 3436 697 3488 l.
713 3452 742 3501 p.
757 3436 808 3489 165
817 3451 864 3500 39,
884 3435 928 3484 cue·
944 3438 1032 3486 tameu
1043 3435 1090 3486 ua
1101 3437 1269 3486 concesserim
1285 3436 1439 3500 scriptorem

322 3511 523 3559 commentarios
534 3508 604 3558 Iulli
616 3506 741 3558 Caesaris
753 3507 860 3556 imitar-i
871 3512 993 3557 comatum
1005 3521 1067 3559 esse.
1129 3507 1156 3570 2)
1175 3505 1214 3556 ‘N
1213 3548 1218 3559 .
1232 3505 1343 3557 Archio'
1356 3504 1438 3570 XXI,

317 3593 348 3643 p.
363 3580 396 3632 29
408 3594 463 3645 399,
482 3578 623 3643 XXVIII,
638 3594 667 3644 p.
682 3579 766 3644 9399.
786 3579 837 3631 619
850 3593 904 3644 399.
977 3579 1004 3639 3)
1027 3577 1069 3630 ίΝ.
1088 3576 1202 3628 Arcbiu’
1221 3577 1313 3639 XXV,
1329 3592 1359 3642 p.
1380 3579 1438 3630 179.

321 3647 350 3716 4)
369 3648 400 3702 Ρ.
415 3652 456 3704 16.
470 3651 513 3703 52.
527 3650 570 3703 68.
584 3651 626 3704 72.
639 3650 683 3704 88.
697 3651 738 3702 92.
806 3650 834 3715 5)
855 3650 908 3712 out
921 3664 947 3702 a.
960 3650 1022 3703 856.
1036 3649 1175 3712 defunctus
1187 3654 1231 3702 est.
1299 3646 1325 3715 6)
1340 3647 1382 3710 Cf.
1396 3646 1439 3704 (Ν,
1458 3662 1484 3703 35

322 3719 435 3770 Arcbiu'
462 3719 572 3783 XXIV,
599 3737 629 3786 p.
650 3722 704 3774 418
719 3736 775 3785 39.,·
802 3721 916 3785 Simeon,
943 3720 1003 3770 ‘Die
1027 3719 1195 3783 Eutsteleuup
1222 3719 1269 3770 cler
1289 3719 1438 3783 pseudoisi-

321 3791 461 3843 elom'scbeu
479 3791 668 3857 Fblscbuupeu
686 3794 715 3841 iu
734 3791 772 3843 Le
789 3790 886 3842 Mons'
905 3791 992 3856 (Lupe.
1014 3793 1096 3850 1886)
1115 3807 1143 3854 p.
1162 3793 1196 3844 65
1208 3805 1281 3856 399.,·
1299 3788 1327 3842 J.
1345 3787 1439 3852 Habet,

322 3862 401 3915 ‘Bibl
419 3863 451 3913 de
475 3862 528 3916 l'lc.
554 3863 600 3914 eles
624 3863 742 3914 cbartes'
761 3862 839 3927 LIV,
861 3878 890 3928 p.
910 3864 971 3922 632,
996 3878 1022 3914 u.
1044 3866 1074 3927 13
1102 3860 1161 3914 Geo.
1181 3861 1265 3925 Lare,
1286 3859 1381 3912 ‘Ueber
1398 3861 1440 3910 die

322 3932 431 3984 Hetmat
443 3933 661 3986 Pseudoisidors'
674 3933 796 4000 (Mouaci
810 3934 891 3993 1898)
905 3949 933 3998 p.
948 3935 1029 3999 3539.
1049 3935 1093 3997 39,
1110 3948 1137 3984 u.
1150 3935 1175 3986 4.
1195 3934 1229 3986 64
1241 3947 1297 3997 sqq.
1359 3932 1385 3992 7)
1397 3931 1438 3994 Cf.

322 4003 437 4070 simeon,
456 4006 579 4071 ‘Iueduip
597 4006 645 4056 der
662 4005 800 4057 I'rorume’
818 4005 842 4069 I,
866 4021 892 4071 p.
912 4007 973 4066 341,
993 4020 1020 4057 u.
1042 4007 1065 4062 l.
1102 4003 1136 4053 Id
1154 4018 1253 4068 quoque
1272 4003 1439 4054 9963997999·-
1458 4018 1484 4057 4ο

321 4076 428 4127 turdum
455 4078 598 4128 Aldrr'cum
625 4078 714 4128 itidem
739 4082 834 4141 partes
860 4077 1041 4140 imperatricis
1067 4081 1090 4126 et
1117 4074 1219 4125 Karcli
1244 4079 1359 4124 secutum
1386 4089 1439 4125 9339

321 4162 420 4198 uecuou
442 4151 550 4216 priores
568 4150 656 4214 operis
674 4150 763 4200 uostm'
784 4152 877 4214 partes
898 4147 986 4212 plura
1005 4161 1085 4212 quam
1103 4146 1171 4196 altos
1196 4145 1281 4207 sorites
1306 4146 1338 4196 de
1362 4145 1439 4196 rebus

322 4219 523 4272 Cenomauuicis
548 4227 572 4272 et
597 4219 777 4270 Brittauur'cts
801 4218 944 4284 proferre‚·
972 4217 1006 4280 cf.
1034 4217 1077 4269 (Ν.
1104 4215 1215 4267 Arabiu'
1241 4215 1314 4266 XXI
1319 4215 1348 4269 V.
1378 4217 1394 4270 l.
1420 4216 1437 4267 l.

321 4290 415 4354 XXV,
436 4309 465 4359 p.
489 4293 548 4347 180.
594 4293 664 4343 Ante
688 4307 769 4357 quam
795 4293 833 4355 (a.
852 4291 919 4348 832)
943 4289 1028 4340 sellem
1054 4287 1292 4339 Ceuoruauueusem
1319 4287 1438 4350 obtime-it,

324 4364 454 4415 Alortcus
472 4364 582 4416 clericus
599 4363 735 4416 Metteusr's
753 4363 815 4426 tuit.
1456 4369 1482 4409 45
