3304 4892
334 425 370 478 84
512 419 693 475 ANNALBS
711 419 938 476 Muuuuusus
956 419 1128 476 PRIORBS.
1165 422 1200 477 A.
1216 425 1276 478 799.

218 585 417 698 Anffljergo
440 605 477 667 in
500 605 571 668 illis
594 604 751 688 partibus
775 625 862 688 qnae
885 605 1079 670 necessaria
1097 609 1179 668 sunt
1189 604 1209 682 1,
1229 633 1279 670 rex
1298 616 1340 670 ad
1358 616 1456 686 Aquis

334 707 413 777 grani
443 707 580 775 palacium
610 723 690 759 suum
717 723 840 761 reversus
870 709 918 761 est.
967 703 1003 759 In
1032 700 1156 757 hisdem
1187 694 1321 757 diebus²
1350 707 1456 776 legatus

334 795 497 850 Michahelis
514 795 653 864 prefectis
672 793 801 849 Siciliae⁸
818 795 929 848 nomine
948 793 1085 849 Danihelb
1109 795 1143 848 ad
1168 811 1263 866 regem
1280 795 1356 850 venit
1375 799 1456 864 atque

335 884 399 938 iude
427 885 528 937 iterum
554 899 618 938 cum
646 901 746 953 magno
773 883 877 937 honore
906 883 1030 937 dimissus
1058 887 1106 939 est.
1156 881 1263 938 Eodem
1291 901 1363 938 anno
1389 901 1456 953 gens

334 973 491 1026 Avarorum
517 975 533 1024 ia
557 971 621 1041 fidc,
647 990 729 1041 quam
753 973 925 1042 promiserat,
952 981 993 1025 ex
1016 963 1114 1044 parte
1140 972 1249 1041 defecit,
1276 978 1304 1027 et
1328 973 1491 1028 Heiricuss

335 1062 392 1115 dux
417 1059 595 1115 Furiuliensis
620 1066 682 1130 post
708 1065 751 1115 tot
775 1078 906 1131 prospere
933 1065 1024 1132 gestas
1051 1079 1095 1115 res
1122 1061 1200 1114 iuxta
1225 1062 1457 1125 Tarsiaticamer

335 1149 486 1204 Liburniae
504 1150 642 1204 civitatem
660 1149 764 1203 insidiis
783 1151 983 1219 oppidanorum
1002 1150 1145 1218 obpressus
1164 1153 1212 1206 est.
1243 1149 1281 1204 ut
1299 1150 1453 1206 Gemldusd

335 1239 453 1306 comes⁵,
477 1231 591 1307 queme
615 1250 669 1290 rex
693 1227 896 1290 Alamannis
921 1231 956 1291 et
979 1233 1129 1290 Bawariis
1152 1233 1326 1308 prefecerat
1335 1229 1356 1306 ⁶,
1383 1257 1456 1295 com-

335 1328 417 1381 misso
437 1343 513 1380 cum
531 1327 644 1381 Avaris
669 1328 758 1396 prelio
779 1328 886 1383 cecidit.
929 1326 1040 1381 Insulae
1065 1343 1207 1396 quoque
1226 1328 1362 1398 Baleares,
1388 1347 1457 1398 quae

336 1421 352 1469 a
370 1416 473 1469 Mauris
492 1421 520 1470 et
537 1414 694 1470 sarracenis
713 1433 784 1470 anno
809 1417 901 1486 priore
926 1415 1092 1485 depredatae
1117 1421 1187 1484 sunt,
1212 1418 1351 1486 postulato
1376 1421 1457 1486 atque
1477 1430 1504 1468 10

336 1503 503 1574 adeptos-⁷
522 1509 538 1558 a
555 1506 655 1560 nostris
674 1506 785 1573 anxilio,
810 1505 890 1560 nobis
908 1507 937 1558 sd
955 1504 1120 1560 dediderunt
1144 1509 1173 1559 et
1198 1523 1261 1560 cum
1278 1505 1331 1560 Dei
1355 1507 1456 1560 auxilio

337 1597 353 1646 a
379 1595 478 1648 nostris
507 1597 523 1646 iu
549 1594 725 1662 predonum&
752 1595 906 1647 incursione
937 1592 1085 1648 defensaeh
1113 1598 1185 1649 sunt.
1235 1593 1319 1665 Signa
1350 1612 1456 1664 quoque

337 1674 373 1736 ei
395 1671 521 1736 vexilla
539 1681 702 1736 Maurorum
725 1683 754 1735 in
772 1700 865 1752 pugna
883 1683 991 1735 sublata
1009 1683 1068 1753 regi
1085 1686 1242 1751 presentata
1266 1687 1336 1738 sunt.
1372 1682 1456 1736 Wido

337 1787 476 1840 quoque
502 1788 601 1838 comes,
628 1770 692 1839 quii
718 1769 828 1823 eontra
851 1765 1010 1822 Brittones
1036 1771 1203 1838 sedebat,
1225 1787 1280 1824 una
1297 1788 1361 1825 cum
1379 1772 1457 1825 sociis

338 1861 411 1913 suis
437 1860 583 1914 comitibus
609 1859 779 1913 Britanniam
805 1861 941 1930 ingressus
966 1863 1107 1928 totamque
1132 1861 1300 1929 perlustrans
1327 1861 1356 1913 in
1383 1860 1504 1914 dedi-15

337 1950 442 2002 tionem
461 1950 575 2018 accepit,
594 1953 622 2002 et
638 1949 699 2018 regi
717 1949 752 2001 de
770 1947 890 2002 Saxonis
908 1964 1017 2002 reverso
1036 1965 1112 2002 arma
1132 1965 1254 2002 eornm
1276 1947 1385 2015 ducum,
1411 1949 1458 2017 qni

338 2055 367 2092 se
385 2037 643 2105 subdiderunt,
662 2037 799 2106 inscriptis
817 2038 989 2108 singulorum
1007 2037 1163 2092 nominibus
1180 2037 1355 2107 presentavit.
1386 2037 1458 2090 Nam

339 2137 394 2196 per
416 2121 494 2178 haec
517 2123 608 2196 signa
633 2129 661 2180 sd
681 2131 709 2180 et
733 2131 835 2180 terram
854 2131 883 2180 et
906 2128 1040 2196 populum
1058 2129 1243 2196 unusquisque
1268 2127 1379 2180 illorum
1403 2131 1457 2180 tra-

339 2216 417 2282 didit,
437 2220 464 2270 et
482 2221 540 2270 tota
558 2216 777 2270 Brittanniorum
795 2216 943 2285 provincia,
962 2215 1036 2284 quod
1053 2233 1203 2284 numquam
1222 2220 1303 2269 antea
1321 2215 1457 2282 fuerat⁸‚

340 2304 487 2360 aFranois
506 2306 652 2376 subiugata
671 2309 720 2361 est.
1476 2318 1504 2357 20

446 2394 553 2449 Eodem
575 2413 645 2448 anno
670 2393 843 2448 monachusk
865 2394 977 2463 quidam
1002 2393 1036 2448 de
1055 2392 1222 2448 Ierosolimis
1239 2394 1351 2448 veniens
1376 2394 1458 2448 bene·

339 2483 488 2538 dictionem
507 2489 535 2537 ot
559 2484 688 2552 reliquiae
713 2483 747 2538 de
773 2483 917 2552 sepulchro
935 2483 1054 2552 Domini,
1080 2499 1146 2550 quus
1171 2483 1328 2551 patriarcha
1345 2482 1459 2536 Ieroso·

339 2572 477 2625 limitanus
501 2573 561 2643 regi
585 2573 712 2641 miserat,
737 2573 845 2628 detulit.
889 2571 985 2625 Azun⁹
1010 2587 1151 2639 quoquc
1177 2570 1316 2640 prefectus
1341 2571 1460 2625 civitatis

340 2678 410 2728 quae
429 2660 530 2715 Osca¹⁰
547 2665 700 2715 vocatur
725 2662 815 2716 claves
839 2661 914 2715 urbis
938 2660 1045 2713 illius
1069 2677 1120 2729 per
1144 2661 1267 2730 legatum
1291 2677 1371 2714 suum
1396 2678 1460 2714 cum

340 2839 362 2890 a)
376 2839 491 2888 proiectus
505 2841 557 2888 Δις
573 2841 653 2878 mend.
668 2850 695 2878 ec
709 2840 765 2880 Ann.
777 2851 797 2880 r.
807 2841 845 2881 Fr.
899 2839 922 2890 b)
937 2839 1004 2879 dihel
1017 2839 1065 2904 Ap:
1121 2838 1142 2889 c)
1156 2839 1311 2878 'l'harsaticam
1324 2839 1381 2880 Ana.
1391 2851 1410 2884 r.
1419 2841 1458 2881 lu.
1477 2845 1505 2884 25

341 2890 364 2996 gi
376 2891 501 2996 3ἕὲζέῗὲ
516 2893 574 2984 cix.
588 2893 712 2994 {ignium
726 2893 774 2984 di)
797 2894 903 2996 quirilli?
914 2894 967 2995 ,14'13
982 2894 1095 2993 entim·
1105 2893 1356 2987 ‘defle’nsicaetiiiiorfffnri'
1378 2895 1460 2998 nisio

340 3009 417 3038 marce
430 2999 463 3038 vd
475 3000 557 3038 amnia
571 2999 635 3037 certa
649 3009 675 3037 ex
688 2999 745 3040 Aac.
761 3010 781 3040 r.
796 2999 836 3038 Fr.
851 3000 971 3047 supplenda
985 3009 1029 3038 esse
1042 3000 1154 3046 videntum
1173 3000 1202 3046 cr.
1217 3000 1282 3038 ettam
1300 3010 1370 3049 supra
1383 3011 1409 3048 p.
1426 3001 1459 3049 60,

340 3054 356 3092 l.
372 3053 409 3092 tt:
424 3063 501 3092 marca
514 3057 593 3092 contra
607 3051 715 3092 Saxones.
771 3052 794 3103 k)
809 3053 932 3092 menachus
946 3054 967 3091 Δ
978 3054 996 3095 1.

341 3215 423 3280 atque
441 3211 579 3264 inlocum
598 3228 677 3264 suum
695 3212 837 3264 restitutus
855 3213 911 3279 est5
930 3213 965 3276 of.
985 3211 1183 3264 Adel-Simeon
1201 3211 1241 3278 II,
1262 3229 1292 3278 p.
1310 3215 1370 3280 186,
1389 3231 1416 3267 n.
1434 3216 1459 3268 4.
1479 3230 1506 3269 ao

340 3315 376 3322 —
404 3283 445 3350 df.
475 3285 555 3348 infra
583 3299 608 3338 a.
635 3285 701 3339 804:
735 3286 763 3336 ct
790 3299 853 3334 cum
880 3299 982 3351 magno
1009 3281 1110 3352 gaudio
1138 3287 1166 3335 et
1193 3284 1368 3336 veneratione
1396 3300 1460 3336 eum

341 3353 468 3423 suscepit.
542 3353 568 3422 1)
592 3354 634 3420 Of.
652 3370 739 3421 aupra
757 3371 787 3421 p.
808 3357 850 3420 13,
875 3355 892 3406 l.
912 3357 937 3409 6.
957 3357 981 3408 7.
1054 3353 1081 3423 2)
1104 3355 1128 3408 Ι.
1147 3371 1168 3408 e.
1187 3355 1282 3406 iisdem
1298 3356 1390 3407 debus
1396 3374 1406 3415 ,·
1423 3356 1458 3418 cf.

341 3428 419 3491 infru
443 3443 469 3480 a.
488 3427 556 3480 800:
581 3423 615 3476 In
634 3425 686 3477 illis
705 3424 801 3478 diebus
819 3466 826 3479 .
847 3467 853 3480 .
873 3468 880 3480 .
900 3423 934 3476 in
952 3424 1005 3476 iilis
1025 3441 1132 3493 quoque
1150 3424 1254 3492 diebus,
1278 3427 1347 3482 804:
1369 3425 1398 3478 in
1419 3425 1460 3477 his

342 3496 453 3564 diebus;
472 3497 544 3550 Anu.
557 3513 581 3550 r.
595 3497 661 3554 Fr:
680 3495 714 3548 ln
727 3495 824 3549 eadem
836 3495 1020 3564 expeditione.
1087 3499 1115 3564 3)
1136 3497 1208 3550 Anu.
1222 3496 1285 3552 Lod.
1300 3513 1459 3564 perperam

342 3565 623 3636 legatusMichahelis
637 3566 815 3635 imperatoris.
882 3569 910 3634 4)
929 3568 1049 3619 Τενεαιιο
1060 3583 1146 3634 prope
1157 3567 1259 3621 Fiume.
1327 3571 1354 3634 ὁ)
1367 3567 1461 3620 Hilde-
1479 3584 1506 3624 cc

340 3639 436 3704 pardis
454 3641 564 3704 rapinae
582 3640 677 3702 frater.
763 3637 790 3707 6)
810 3639 876 3690 Item
894 3640 966 3693 Aua.
985 3638 1062 3692 Lau:
1085 3636 1221 3691 Geroldus
1238 3637 1376 3706 prefectus
1394 3639 1460 3690 Ala·

342 3709 469 3762 manniae
488 3712 516 3762 et
533 3708 681 3764 Bawariae.
718 3711 852 3776 Attamen,
874 3712 994 3776 qrcumoie
1017 3710 1065 3762 hoc
1082 3709 1198 3762 Poetae
1216 3710 1233 3764 l.
1253 3711 1271 3764 l.
1292 3727 1322 3778 p.
1343 3712 1402 3766 145.
1427 3726 1461 3762 etc

342 3780 436 3832 altiori
452 3781 571 3846 quadum
588 3796 680 3832 rerum
698 3781 945 3834 Alamannicurum
969 3784 1065 3834 notitia
1089 3781 1217 3833 haustum
1241 3783 1339 3848 medat,
1365 3782 1461 3832 dubiae

342 3851 406 3916 fidei
422 3853 533 3906 uidetur.
572 3849 685 3918 optimis
702 3851 832 3918 fontibus,
851 3854 922 3906 Aue.
942 3868 966 3906 r.
985 3852 1044 3918 Fr..
1063 3853 1138 3907 Anu.
1151 3869 1175 3919 q.
1190 3853 1216 3906 d.
1231 3851 1315 3908 usna.
1335 3857 1359 3905 et
1376 3853 1460 3907 usna.

352 3922 379 3976 V.
398 3921 502 3975 Karuli
518 3922 557 3976 M.
582 3926 615 3988 (c.
637 3925 691 3989 13),
718 3925 828 3975 ustibus
852 3922 993 3986 daremus,
1019 3927 1128 3976 autimas
1152 3924 1257 3988 quaem
1280 3924 1460 3990 Alamannus,
1479 3941 1507 3980 eo

342 3995 453 4046 munis
476 3994 625 4046 Baioariae
647 3995 802 4061 praefectus
826 3996 900 4060 suin
924 3996 957 4058 cf.
985 3995 1048 4049 Otr.
1072 3991 1119 4048 Fr.
1142 3995 1240 4058 stolia,
1264 3995 1460 4060 ‘wirtember

346 4064 444 4118 doech!
468 4065 492 4128 Ι,
518 4081 548 4131 p.
574 4066 626 4119 246
639 4081 695 4132 sq.;
721 4067 843 4132 ‘Atura
868 4065 997 4118 Deutsehe
1021 4065 1200 4131 Bioyraphie'
1225 4065 1278 4132 IX,
1305 4083 1336 4134 p.
1357 4069 1462 4133 40394

343 4135 543 4188 Abel-Simeon
561 4135 600 4202 II,
621 4153 650 4202 p.
671 4138 730 4192 192.
805 4139 832 4204 7)
855 4135 896 4200 Of.
915 4152 1001 4203 supro
1020 4152 1049 4202 p.
1070 4138 1112 4201 18,
1136 4137 1223 4191 11οτ
1247 4137 1415 4204 captivisque
1435 4140 1463 4188 et

344 4206 436 4349 spiffis
448 4205 541 4259 multis
554 4205 667 4273 adeptis.
721 4207 749 4277 8)
761 4208 804 4272 Of.
817 4223 903 4275 stupra
914 4223 943 4274 p.
953 4210 997 4274 44,
1010 4209 1098 4274 n.10;
1111 4209 1245 4274 73,n.10.
1302 4207 1328 4277 9)
1338 4207 1461 4262 Haesura

345 4283 379 4335 10
408 4279 524 4333 Hueaca.
1481 4295 1508 4335 sc
