3322 4880
254 477 256 482 ,
305 405 380 462 vm
746 401 977 459 PRAEFATIO.

304 589 463 654 baberuus.
502 587 564 652 Est
577 585 691 666 folium
706 588 987 666 membranaceum,
1003 585 1183 651 vicenorum
1198 594 1423 668 quaternorum

304 677 342 743 in
365 677 492 759 popina
520 697 676 755 uersuum,
707 675 763 756 qui
793 698 824 740 a.
849 680 923 738 769.
954 674 1107 755 mutilum,
1139 682 1204 741 tum
1233 699 1264 741 a.
1290 683 1364 740 770.
1395 683 1424 742 el

307 773 381 831 771.
405 771 434 831 et
455 765 586 830 initium
608 787 639 829 a.
659 769 721 828 772
745 763 899 828 exhibent.

411 871 557 936 Alterum
578 871 801 952 frapmentum,
832 871 916 950 quod
943 869 980 934 iu
1010 869 1195 936 bibliotheca
1216 871 1423 936 Beruensi

305 967 414 1043 eastat,
433 960 577 1042 primum
600 982 622 1024 a
647 959 683 1024 V.
711 957 761 1023 Ol.
787 959 831 1022 H.
856 959 974 1039 Hapeu
997 959 1187 1041 asscriptum
1209 967 1239 1024 et
1259 983 1281 1024 a
1305 961 1342 1025 V.
1372 960 1454 1025 cle

310 1049 350 1116 (l.
367 1051 482 1132 Meper
504 1049 541 1113 de
565 1049 710 1112 Knonau
733 1047 770 1111 iu
794 1046 937 1110 ί807007.
962 1069 989 1112 r.
1009 1047 1053 1111 D.
1075 1048 1126 1112 G!
1149 1049 1248 1112 VIII
1266 1048 1422 1131 (Gottinp.

305 1161 336 1204 a.
364 1138 471 1219 1868),
503 1143 567 1201 tum
596 1158 618 1200 a
646 1136 685 1201 G.
709 1135 818 1201 Waite
843 1134 881 1199 in
905 1136 964 1200 88.
990 1142 1010 1199 7.
1037 1135 1147 1217 XIII,
1173 1159 1208 1218 p.
1234 1144 1275 1202 30
1292 1158 1337 1219 sq.
1361 1137 1422 1202 edi·

305 1235 379 1309 tmn,
404 1232 515 1308 portes
543 1247 575 1289 a.
597 1231 670 1289 783.
701 1231 730 1290 07
759 1247 789 1288 0.
811 1229 885 1288 784.
909 1230 938 1288 et
965 1223 1095 1289 initium
1125 1246 1156 1288 a.
1177 1231 1251 1290 785.
1277 1226 1421 1308 eontinet,

305 1317 353 1382 ita
381 1322 418 1380 ut
448 1315 525 1380 baec
556 1335 626 1380 cum
656 1312 891 1378 Vindoboneusi
923 1313 1068 1392 conferre
1098 1313 1197 1379 liceat.
1253 1315 1423 1399 Scriptura

304 1406 556 1488 frapmcutorum
571 1402 767 1468 Basiliensis
789 1409 819 1466 et
840 1401 1026 1483 Beruensis,
1051 1401 1141 1467 cuius
1163 1403 1338 1485 specimina
1362 1404 1421 1469 88.
1443 1428 1468 1466 10

305 1501 326 1558 t.
355 1492 467 1558 XIII.
499 1493 607 1558 tabula
630 1491 742 1574 prima
771 1490 912 1571 ostendit,
942 1490 1051 1555 itidem
1080 1491 1199 1558 soeculi
1231 1492 1274 1574 X,
1304 1514 1423 1574 mapno

305 1589 334 1648 et
356 1581 508 1664 manalis,
532 1603 554 1646 a
577 1581 681 1647 codice
709 1587 814 1644 tamen
838 1579 1057 1644 Wertliiueusi
1085 1580 1232 1662 diuersa,¹
1260 1581 1423 1663 utriusque

305 1671 498 1754 scripturam
526 1669 621 1735 etiam
643 1669 728 1734 inter
749 1689 782 1733 se
805 1668 936 1747 differre
957 1668 1066 1734 Waitr
1088 1669 1322 1750 animaduertit,
1354 1692 1422 1735 urm

306 1760 439 1825 Xurne1
469 1759 599 1824 eandem
628 1757 793 1823 existimet.
851 1757 1021 1838 Equidem,
1053 1758 1197 1838 quamuis
1222 1759 1318 1840 prius
1347 1759 1422 1824 litte·

305 1869 418 1914 rarum
440 1847 649 1912 similitudine
671 1847 772 1926 fretus
795 1845 922 1910 Kurrio
945 1867 1108 1912 assensum
1125 1847 1331 1928 praebuerim
1340 1850 1361 1928 2,
1389 1868 1423 1912 re
1442 1871 1467 1910 1⁶

304 1938 419 2002 iterum
436 1957 604 2018 perpenso,
628 1935 745 2017 dubito,
767 1957 812 2000 an
827 1934 950 2000 litterae
964 1935 1144 2000 Beruensis
1163 1937 1261 2018 pamla
1275 1936 1421 2016 maiores,

305 2025 503 2090 Basilicusis
525 2024 629 2107 mapis
648 2044 779 2107 prossae
801 2022 905 2088 uideri
928 2023 1063 2106 possim.
1117 2024 1256 2105 Accedit,
1280 2028 1363 2107 quod
1387 2025 1423 2089 in

305 2113 486 2180 Basiliensi
508 2113 590 2179 anui
612 2112 850 2178 incarnationis
872 2112 1050 2179 dominicae
1073 2113 1173 2178 colore
1191 2115 1288 2178 rubro
1303 2113 1421 2194 scripti,

304 2203 403 2268 initia
425 2222 585 2268 annorum
607 2201 720 2267 litteris
740 2201 919 2284 prandibus
941 2208 1066 2284 ornata,
1097 2202 1193 2268 etiam
1210 2223 1423 2285 personarum

305 2292 438 2357 nomina
454 2290 593 2374 propria
615 2292 715 2357 colore
737 2293 835 2356 rubro
856 2290 1042 2356 illuminata
1064 2291 1138 2371 siut,
1163 2312 1243 2372 quoe
1263 2291 1372 2356 omnia
1386 2291 1423 2355 in
1442 2314 1468 2353 so

305 2381 476 2463 Berneusi,
494 2380 545 2446 cui
560 2379 686 2445 numeri
701 2400 859 2445 annorum
874 2379 1007 2444 nonnisi
1022 2386 1095 2460 post
1109 2379 1145 2444 iu
1160 2379 1305 2461 maraine
1320 2379 1423 2444 additi

306 2477 388 2552 sunt,
398 2470 629 2536 desiderantur.
654 2468 809 2550 Alioquin
818 2468 900 2534 idem
913 2468 950 2532 in
961 2474 1091 2549 utroque
1102 2467 1423 2554 studiumsermouem

305 2560 531 2641 quodannnodo
547 2557 692 2639 poliendi
715 2565 745 2622 et
764 2556 920 2623 coriandi
942 2563 1007 2621 tam
1036 2556 1195 2621 euidenter
1217 2564 1358 2639 apparet,
1389 2563 1424 2620 ut

305 2649 440 2713 alterum
462 2654 491 2712 et
513 2648 648 2712 alterum
670 2645 809 2710 eiusdem
831 2645 1025 2710 recensionis
1047 2667 1112 2710 esse
1134 2645 1287 2710 uideatur.

412 2754 578 2818 Hactenus
600 2753 638 2817 de
660 2751 902 2833 srapmentis.
942 2753 1157 2817 Transeamus
1172 2753 1217 2816 ad
1233 2758 1421 2832 eucerpta,
1442 2774 1468 2813 u

306 2864 345 2908 eu
373 2843 487 2925 quibus
515 2841 582 2906 iam
612 2840 654 2904 R.
679 2840 789 2905 Dorr
817 2839 855 2904 in
889 2840 1109 2904 dissertatione
1142 2862 1202 2905 sua
1235 2840 1424 2922 inaupuro-li

307 2933 368 2998 ‘De
390 2931 479 2997 bellis
502 2930 705 2995 Francorum
728 2950 798 2994 cum
820 2927 984 2992 Arabibus
1005 2929 1101 3009 pestis
1122 2949 1219 3009 usque
1242 2931 1286 2992 ad
1308 2928 1423 2993 obitum

307 3020 428 3086 Karoli
451 3019 513 3083 M!
539 3015 737 3101 (Repimonti
760 3017 818 3082 Pr.
845 3016 946 3098 1861)
965 3016 1111 3099 priorem
1133 3017 1294 3098 quandam
1310 3017 1423 3080 Anno-

307 3111 384 3174 lium
411 3107 617 3174 Mettensium
646 3105 859 3172 recensionem
886 3105 1025 3170 extitisse
1054 3104 1139 3169 inter
1168 3125 1274 3169 ornnes
1296 3105 1424 3187 primus

307 3198 435 3281 collepit.
1443 3216 1468 3254 eo

415 3304 501 3370 Sane
529 3302 609 3367 satis
637 3302 737 3366 multa
767 3321 806 3365 eu
834 3321 926 3383 opere
960 3305 1066 3363 nostro
1100 3305 1130 3364 ct
1162 3320 1241 3381 quae
1276 3322 1345 3365 eum
1379 3321 1422 3383 ec,

300 3393 417 3476 paucis
440 3390 565 3457 omissis
587 3390 652 3455 siue
675 3411 713 3455 ea
728 3389 805 3454 aliis
822 3387 964 3468 sontibus
978 3387 1109 3452 insertis
1118 3389 1139 3469 ⁸,
1155 3389 1223 3468 fere
1239 3390 1423 3454 adverbum

308 3481 504 3562 conueniunt,
527 3479 566 3544 iu
594 3477 826 3545 Obronicon
848 3476 1092 3542 Auianensc
1116 3474 1284 3559 (Anium),
1309 3478 1426 3544 scilicet

307 3569 518 3636 recensionem
552 3566 706 3634 Obronici
735 3565 980 3631 Moissiacensis
1009 3589 1030 3630 a
1058 3567 1210 3631 monacbo
1239 3566 1426 3632 monasterii

307 3657 509 3724 Auianensis
539 3657 760 3737 interpolatam
793 3651 870 3733 (88.
897 3655 926 3736 Ι,
954 3676 989 3735 p.
1015 3660 1205 3720 291—295.
1233 3661 1306 3720 304.
1332 3655 1423 3737 305),
1444 3677 1469 3717 es

307 3746 474 3813 transiere.
520 3745 715 3826 Deprompta
738 3750 813 3808 sunt
835 3764 873 3808 eu
899 3766 930 3808 a.
949 3749 1023 3806 734.
1050 3749 1122 3806 741.
1150 3749 1223 3808 747.
1250 3751 1323 3808 753.
1349 3751 1423 3808 754.

309 3843 383 3900 755.
410 3841 483 3899 756.
509 3840 583 3898 773.
610 3839 683 3898 774.
708 3839 782 3897 779.
815 3836 889 3896 800.
921 3838 1118 3914 spectantque
1147 3833 1215 3912 fere
1245 3831 1353 3899 omnia
1382 3834 1427 3898 ad

307 3924 475 3990 bistoriam
492 3923 680 4005 pontificum
702 3922 930 3987 Romanorum.

309 4162 335 4232 1)
359 4162 402 4216 ‘N.
422 4160 536 4214 Archio'
554 4160 652 4226 XVII,
673 4176 703 4226 p.
724 4161 784 4224 118,
807 4175 834 4213 u.
853 4160 878 4213 5.
904 4157 987 4220 XXI,
1008 4174 1038 4224 p.
1058 4160 1100 4212 30.
1189 4157 1217 4226 2)
1242 4158 1311 4212 Ibtd.
1331 4158 1424 4223 XXV,

304 4252 333 4303 p.
353 4235 412 4289 179.
485 4231 512 4301 3)
538 4232 611 4284 Unde
628 4233 684 4283 lam
702 4232 770 4282 sotis
790 4244 881 4281 eorum
903 4231 993 4295 opinio
1017 4229 1188 4295 reprobatur,
1213 4230 1261 4296 qui
1278 4229 1426 4282 Chrom'cou
1444 4246 1470 4284 40

307 4307 460 4358 Auianensc
483 4307 554 4357 tuter
572 4304 658 4368 fontes
676 4302 828 4354 Annalium
847 4300 1015 4352 Martensium
1039 4301 1236 4352 numerandum
1260 4305 1424 4354 censuerunt.

308 4377 349 4442 Of.
369 4377 411 4432 ‘N.
431 4376 546 4429 Arclu'o'
564 4374 673 4441 XXIV,
695 4390 724 4441 p.
743 4375 796 4429 406
808 4388 848 4440 sa.
