3304 4892
356 419 538 475 annania
556 417 783 475 METTENSES
800 417 973 477 PRIORRS.
1003 420 1039 478 A.
1053 423 1113 478 798.
1127 424 1187 480 799.
1298 427 1334 480 83

214 619 358 671 exeeeatus
377 619 426 672 sat.
462 614 541 669 Haeo
559 618 653 670 tamen
671 615 774 688 legatio
794 619 904 670 tautum
922 624 985 688 pro
1008 603 1240 686 ecclesiastiea
1264 593 1403 702 pseedf}
1410 664 1444 704 Fr

214 696 250 758 et
277 692 462 758 ooneordie
489 691 622 758 directa
648 703 728 761 suit&
774 703 849 775 Ques
876 721 940 760 oum
968 704 1137 774 absolvisset,
1170 706 1331 778 [absolvite]
1363 691 1401 704 ''
1445 692 1450 704 '

214 793 297 848 etiam
328 800 391 846 oum
421 793 460 847 eis
494 795 522 846 et
551 791 701 848 Sisinninm
737 793 852 848 fratrem
883 792 1009 848 Tarasii²
1039 791 1332 865 constantinopolitani

213 881 344 950 episcopi,
361 881 418 935 iam
436 881 541 935 dudum
559 881 588 936 in
605 880 689 936 Italia
705 882 794 951 prelio
812 880 956 952 eaptumb.
993 881 1057 937 Hoo
1074 899 1147 936 anno
1165 882 1239 937 sidus
1259 884 1332 952 quod

181 969 314 1024 adicitur
332 969 431 1024 Martis
450 973 467 1024 b
484 971 630 1040 superioris
649 970 714 1025 anni
730 970 804 1025 lulio
824 988 910 1039 usque
936 971 971 1025 ad
996 972 1186 1040 sequentis
1208 988 1332 1026 rever·

213 1059 327 1112 tentis
345 1058 449 1112 Iulium
466 1077 601 1128 nusquam
618 1059 648 1114 in
665 1063 725 1115 toto
743 1060 819 1114 eaelo
837 1059 926 1114 videri
943 1059 1042 1129 potuit.
1072 1058 1167 1115 Insule
1178 1059 1327 1115 Balearesc
1341 1071 1386 1111 na.

213 1149 230 1200 a
256 1146 362 1202 Mauris
388 1151 417 1202 et
443 1147 601 1204 Sarraoenis
628 1147 794 1218 depredatae
821 1151 892 1205 sunt.
941 1147 1116 1203 Hadeionsus
1146 1149 1255 1204 etiam
1282 1166 1332 1204 rex

213 1235 347 1292 Gallioiae
364 1240 393 1292 et
410 1235 589 1305 Asturioaed,
606 1237 722 1306 predata
740 1236 913 1306 Olisiponae,
932 1238 1030 1292 ultima
1042 1236 1193 1306 Hispaniae
1211 1237 1331 1306 civitate,

212 1324 329 1396 insignia
354 1325 485 1380 victos-iae
511 1343 574 1380 auae
598 1325 712 1393 loricas,
739 1325 829 1380 mulos
853 1325 1031 1396 captivosque
1055 1324 1169 1380 Mauros
1195 1327 1255 1396 regi
1281 1343 1332 1396 per

168 1425 194 1465 so
211 1413 318 1484 legatos
335 1431 398 1468 suos
415 1412 527 1468 Froiam
548 1418 576 1469 et
593 1413 756 1469 Basiliscum
781 1413 879 1468 hiemis
902 1418 1029 1484 tempore
1053 1415 1135 1469 misit.
1179 1413 1278 1484 Sieque
1302 1416 1332 1470 in

211 1503 265 1557 hoe
281 1503 397 1571 palacio,
418 1498 504 1572 quod
527 1498 624 1555 situm
647 1500 697 1568 est
715 1498 814 1572 Aquis
824 1491 846 1568 ³,
871 1507 899 1558 et
917 1503 1036 1558 natalem
1054 1502 1166 1558 Domini
1184 1507 1213 1558 et
1230 1504 1332 1573 paseha
1339 1481 1406 1590 {22
1418 1550 1451 1591 31·

211 1591 366 1661 celebravit.

318 1679 661 1736 Annotdominieae
680 1679 1187 1738 incarnationisDGOXGVIIII.
1211 1657 1447 1758 Remaniffspijg'

210 1767 333 1824 Leonem
357 1785 458 1838 papam
476 1763 547 1820 Vll.
572 1762 642 1822 Kal.
667 1758 765 1822 Μιιιί4
788 1769 891 1844 lqtania
915 1770 1040 1824 maiores
1065 1769 1196 1839 eaptumh
1219 1787 1329 1825 010002.
1338 1764 1480 1859 famam,

167 1857 328 1912 ιιιθιιιιιῒὕ
359 1858 403 1928 [et
432 1858 462 1911 in
492 1857 616 1913 custodia
645 1858 853 1929 miseranti}
901 1853 980 1910 Inde
1010 1870 1066 1928 per
1094 1857 1221 1911 noctem
1252 1853 1443 1929 fuganam.

210 1928 341 2015 lapsus*
362 1945 398 2000 ad
422 1951 570 2001 nostros
593 1948 707 2018 legatos,
732 1948 779 2015 qui
797 1952 864 2000 tune
884 1947 957 2016 apud
982 1946 1123 2001 basilicam
1148 1947 1235 2002 saneti
1252 1947 1329 2002 Petri

210 2038 297 2104 erant,
309 2034 481 2089 Werondum
499 2035 604 2096 soilioet
621 2035 768 2090 abbatem⁶
786 2039 815 2088 et
832 2034 1004 2105 Winegisum
1023 2034 1197 2104 spolitanum
1222 2035 1329 2106 duoem,

131 2159 135 2170 ·
209 2123 322 2177 veniens
340 2123 495 2193 Spoletium
513 2123 646 2178 deduotus
665 2123 738 2180 estl.
774 2123 837 2178 Rex
854 2141 939 2178 vero
957 2122 1109 2178 Carolus
1127 2124 1163 2178 in
1182 2123 1329 2179 Saxoniam

213 2211 394 2282 [profectuum]
412 2211 523 2266 Renum
542 2211 577 2266 ad
594 2211 761 2282 Lippeiamn
777 2211 893 2280 transiit,
912 2213 941 2266 in
959 2213 1019 2266 loeo
1039 2211 1085 2280 qui
1102 2217 1216 2266 vocatur
1235 2212 1328 2268 Patre-

165 2311 192 2352 ιο
209 2301 318 2354 brunna
344 2300 440 2369 positis
467 2301 562 2354 eastris
589 2300 719 2356 oonsedit.
765 2300 909 2370 Indeque
936 2300 1024 2355 diviso
1052 2300 1174 2355 exercitu
1199 2299 1329 2354 (lamium

209 2387 298 2442 filium
327 2407 407 2444 suum
437 2405 500 2444 eum
530 2407 598 2444 una
627 2390 752 2459 parte'
782 2390 817 2443 ad
846 2390 1013 2458 oolloquium
1043 2387 1205 2444 selavorum
1236 2393 1264 2443 et
1293 2388 1329 2443 ad

209 2477 380 2547 recipiendos
406 2478 484 2548 bos,
512 2479 558 2547 qui
582 2478 617 2533 de
641 2477 827 2532 Nordlendis⁰
852 2481 997 2534 venerant
1021 2477 1215 2546 Saxonibus,
1240 2481 1276 2532 et
1299 2478 1329 2532 in

208 2566 408 2637 Berdengawib
432 2565 564 2624 direxita.
607 2565 671 2636 Ipse
689 2583 775 2621 vero
794 2567 881 2620 altera
898 2565 1046 2620 medietate
1064 2583 1156 2620 seeum
1174 2571 1282 2622 retenta
1298 2567 1328 2620 in

209 2655 270 2710 looo
289 2657 357 2709 iam
374 2655 561 2710 nominato
573 2654 696 2710 Leonem
714 2654 873 2724 poniificem
885 2671 948 2710 oum
961 2671 1067 2710 summo
1083 2655 1188 2710 honore
1200 2656 1327 2726 suscepit.

164 2754 191 2795 aa
208 2742 308 2812 Ibique
332 2743 452 2797 reditum
477 2742 569 2797 Caroli
593 2743 644 2797 filii
669 2745 710 2797 sui
735 2748 882 2813 expectans
906 2744 1030 2798 Leonem
1054 2755 1171 2814 papam
1193 2739 1327 2797 Romam

209 2841 288 2885 eum
322 2820 447 2904 legatis
481 2821 552 2884 suis
585 2845 659 2891 cum
693 2829 895 2886 veneratione
925 2820 1053 2886 'direxit
1061 2822 1082 2886 ⁸.
1141 2821 1326 2907 Dispositis
1336 2843 1419 2893 ·f.1e·.

208 3011 230 3062 a)
244 3013 342 3061 auspices·
354 3022 382 3050 aa
395 3011 451 3054 Ana.
465 3023 484 3052 r.
500 3012 539 3051 Fr.
593 3012 617 3064 b)
631 3015 695 3062 eapte
703 3017 756 3061 post
770 3023 827 3053 eom
841 3011 919 3062 eapt⁹u
932 3013 952 3051 A
962 3015 982 3051 1.
1037 3011 1058 3064 e)
1071 3013 1174 3052 baleares
1187 3013 1210 3051 ia
1224 3014 1326 3052 baleares

208 3066 290 3104 ambae
303 3076 369 3104 manas
381 3069 501 3104 correctum
516 3066 600 3106 videtur
613 3067 633 3104 Δ
643 3067 662 3108 1.
732 3064 756 3118 d)
773 3066 879 3106 Asteriae
897 3067 955 3106 Ana.
970 3077 989 3107 r.
1005 3067 1043 3106 Fr.
1113 3065 1135 3116 e)
1152 3065 1327 3115 philosophante

208 3119 320 3167 olisipona
336 3119 387 3158 Al.
458 3119 476 3170 i)
493 3119 598 3158 Anno-
614 3119 785 3160 nccxcvml.
804 3131 846 3159 om.
866 3120 885 3158 Δ
896 3121 916 3158 1.
987 3122 1008 3168 g)
1027 3120 1051 3158 in
1069 3119 1119 3168 ipsa
1136 3119 1214 3158 litania
1232 3120 1325 3171 maiore,

164 3172 190 3212 80
208 3171 269 3220 quod
287 3177 322 3212 est
335 3173 386 3215 VII.
400 3171 510 3212 Calenum
524 3170 594 3212 bladii
611 3173 692 3212 Axion.
760 3173 784 3223 h)
802 3177 936 3221 captumque
954 3172 1034 3213 Antan.
1105 3172 1122 3224 i)
1140 3176 1202 3211 et-
1217 3173 1326 3212 miserum

208 3226 304 3274 Aniaa.;
322 3237 364 3265 om.
385 3226 433 3266 Al.
515 3226 539 3277 k)
558 3227 590 3265 oa
604 3226 653 3269 Al.
669 3227 739 3274 Μ.)
756 3227 785 3273 ot.
804 3237 872 3274 supra
886 3236 912 3273 p.
927 3226 961 3274 82,
980 3225 995 3268 l.
1009 3225 1046 3274 283
1066 3225 1100 3274 40,
1118 3225 1187 3275 l.12;
1206 3226 1240 3274 oi,
1259 3226 1274 3268 l.
1287 3226 1325 3276 163

208 3279 342 3328 perlegam
360 3284 427 3318 noete
445 3281 522 3328 lapsus
539 3281 621 3320 Asina.
702 3281 718 3326 l)
737 3280 769 3318 s'ts
782 3280 835 3330 Δις
855 3276 885 3318 ad
902 3279 982 3318 missos
995 3279 1086 3326 gloriosi
1102 3279 1199 3328 praelati
1217 3279 1325 3328 prinoipls

208 3329 291 3382 Garoli,
311 3333 350 3380 qui
363 3337 416 3372 tuno
430 3330 491 3381 apud
504 3333 620 3372 basilioam
634 3333 694 3371 beati
708 3332 772 3371 Petri
786 3336 857 3383 erant,
877 3327 1030 3370 Hwerondum
1043 3329 1208 3382 (hunerondum
1221 3329 1325 3381 Murteae)

208 3385 295 3424 seilicet
313 3386 417 3425 abbatam
436 3391 460 3425 et
473 3385 627 3433 liwineqisum
645 3384 803 3435 (hivinegisum
818 3381 922 3434 uenisse)
942 3383 1083 3433 spolitanum
1102 3382 1189 3436 ducem,
1209 3386 1325 3435 perventu

164 3436 190 3478 ab
208 3439 247 3486 qui
261 3439 289 3478 ab
303 3439 335 3478 eis
349 3438 472 3487 Spoiieium
486 3436 595 3479 deductus
609 3441 644 3478 eat
657 3439 738 3478 Anien.
792 3439 822 3487 m)
839 3438 937 3487 supplevi
949 3448 977 3476 esc
990 3439 1047 3477 Assa.
1063 3449 1082 3478 r.
1097 3439 1136 3481 Fr.
1191 3441 1215 3487 n)
1228 3439 1260 3477 sio
1272 3439 1294 3481 la.
1309 3439 1324 3478 l.

208 3492 259 3530 Al.
313 3491 335 3542 ο)
349 3489 474 3531 nordleutis
487 3492 507 3530 A
517 3492 537 3531 1.
592 3491 615 3543 p)
630 3489 796 3539 Bardengauwi
809 3491 867 3530 Ana.
882 3502 901 3534 r.
915 3492 954 3534 Fr.
1008 3491 1031 3542 q)
1045 3491 1143 3532 direotua
1157 3493 1207 3532 11.

210 3650 236 3720 1)
262 3653 333 3706 Ana.
352 3667 376 3706 r.
395 3651 446 3707 Fr.
464 3653 555 3703 missus
573 3657 714 3704 ooossrute:
737 3649 815 3704 Haeo
832 3653 926 3704 tomen
944 3651 1046 3720 legatio
1064 3654 1173 3704 tantum
1198 3650 1233 3705 de
1256 3667 1325 3720 paee

208 3721 275 3788 fnit3
294 3723 328 3786 os.
347 3724 421 3778 Assa.
439 3722 505 3778 Lob.
524 3725 584 3782 797.
604 3725 664 3779 798.
737 3721 764 3792 2)
784 3724 933 3779 784-806.
1005 3721 1033 3792 3)
1053 3723 1097 3787 CT.
1115 3723 1195 3787 infra
1212 3740 1238 3779 o.
1255 3725 1323 3780 805:

209 3793 237 3844 in
254 3793 369 3862 palacio,
394 3791 469 3862 quod
487 3793 570 3846 situm
588 3797 630 3848 est
647 3791 744 3861 Aquis.
834 3792 862 3864 4)
887 3795 961 3848 Ana.
979 3793 1174 3849 Laureolum:
1200 3794 1229 3846 in
1253 3794 1324 3862 ipsas

163 3863 348 3934 salamonius,
373 3867 444 3933 quod
471 3867 513 3918 est
530 3863 598 3921 VH.
615 3863 680 3920 Kal.
699 3863 797 3921 Maias.
887 3864 914 3935 5)
940 3865 1012 3920 Assa.
1030 3881 1056 3920 r.
1073 3865 1123 3919 Fr.
1146 3867 1267 3918 oddussi:
1292 3882 1324 3918 ae

209 3933 304 4004 lingua
321 3935 565 4004 detruncaverunt3
584 3936 905 4003 Ana.q.d.1iinlsords':
924 3935 1008 3989 erutis
1026 3935 1121 4003 oculis,
1139 3940 1171 3990 ut
1188 3935 1324 4004 aliquibus

208 4005 297 4058 visum
316 4011 365 4075 eat,
382 4006 477 4078 lingua
495 4023 602 4076 quoque
621 4011 777 4076 amputata3
795 4007 879 4063 Binis.
895 4007 926 4062 V.
943 4007 1045 4060 Karols'
1061 4023 1082 4062 o.
1098 4010 1142 4063 28.
1214 4006 1241 4078 6)
1261 4008 1324 4060 Sto-

209 4077 347 4132 buleaaem.
436 4080 465 4148 7)
490 4080 564 4132 Assa.
581 4095 606 4134 r.
625 4079 692 4134 Fr„-
718 4095 780 4131 eum
803 4077 965 4146 medietate;
989 4080 1060 4132 Ana.
1079 4095 1104 4146 q.
1121 4080 1147 4134 d.
1167 4079 1324 4131 Eiahords':

209 4163 271 4201 oum
296 4151 374 4216 parte
398 4149 541 4206 exereitus.
632 4149 661 4218 8)
683 4151 755 4205 Assa.
774 4167 798 4204 r.
817 4151 883 4204 Flu:
906 4147 1029 4202 Leonem
1053 4147 1212 4218 pontificem
1233 4149 1323 4216 simili,

164 4235 191 4274 so
210 4234 263 4285 quo
282 4222 421 4286 suseeptus
439 4225 488 4288 est,
511 4220 615 4274 honore
640 4219 756 4289 dimisit3
782 4221 853 4275 Ana.
873 4237 897 4288 q,
915 4221 941 4276 d.
960 4220 1062 4275 Riobe
1085 4221 1186 4275 iterum
1205 4219 1323 4273 Romam

209 4306 272 4343 oum
290 4306 391 4359 magno
409 4290 513 4344 honore
530 4308 581 4360 per
598 4292 704 4361 legatos
721 4291 802 4360 regis,
821 4289 868 4358 qui
886 4307 949 4345 oum
968 4307 1000 4345 eo
1018 4291 1093 4344 missi
1110 4295 1182 4360 sunt,
1193 4289 1323 4344 reduetus

1077 4397 1111 4453 6*
