3322 4880
344 384 416 439 XVI
788 384 1018 441 PRAEFATIO.

344 567 484 647 Accedit,
515 571 598 650 quod
625 568 719 634 semet
748 568 796 633 od
825 567 873 632 bis
902 589 972 633 eum
1002 567 1153 633 Historia
1176 569 1462 650 Lunpobordorum

345 657 444 721 Ponti
466 656 604 736 diaconi,
635 656 691 738 qui
721 656 921 738 aliquamdiu
950 657 987 722 in
1016 659 1151 737 quodam
1179 656 1271 722 urbis
1293 657 1463 722 Mettensis

344 745 536 811 monasterio
553 745 671 810 uicisse
688 745 821 826 uidetur,
841 744 1005 829 epitaphia
1020 745 1142 811 Karoti
1157 747 1208 810 M.
1224 746 1336 810 umoris
1351 746 1462 811 Hilde-

342 833 456 917 pardis
483 834 632 916 illiusque
661 855 804 899 sororum
833 840 863 898 et
888 834 1033 914 fitiorum
1056 835 1092 899 in
1115 834 1245 901 eccusiu
1269 835 1303 900 S.
1327 835 1463 914 Aruntd

344 924 537 1004 sepultarum
570 922 748 1005 composuit,
781 923 998 1004 Auyitramno
1032 923 1173 1006 episcopo
1196 930 1329 1006 petente,
1365 923 1493 990 Gestas

344 1011 558 1096 episcoporum
581 1011 787 1076 Mettensium
810 1011 946 1093 scripsit,
971 1013 1144 1078 conuenitl.
1196 1014 1302 1094 Quare
1324 1012 1462 1077 Annali-

345 1102 401 1166 bns
424 1100 590 1182 prioribus
624 1121 689 1165 non
722 1099 828 1165 minus
857 1120 953 1182 qnam
986 1101 1168 1166 retractatis
1197 1101 1462 1167 Martensium

344 1191 479 1254 nonnn²
501 1188 705 1254 servavimus.

452 1277 541 1343 Satis
563 1284 674 1359 arpute
696 1277 830 1358 onmem,
862 1279 917 1342 sed
941 1298 1051 1343 uereor
1073 1299 1112 1344 ne
1141 1278 1338 1360 inpeuiosius
1367 1299 1463 1360 quom

344 1365 465 1448 uerius,
496 1367 547 1433 W.
579 1367 717 1432 Pdcbert
750 1368 777 1430 b.
808 1389 866 1448 m.,
901 1366 953 1431 uir
984 1368 1022 1432 de
1055 1367 1106 1432 bis
1140 1369 1232 1432 rebus
1264 1367 1463 1450 indapandis
1482 1393 1507 1431 ιο

345 1454 489 1536 alioquin
520 1455 632 1536 optime
660 1455 806 1536 meritus,
837 1455 1087 1537 compilationem
1121 1475 1218 1537 usque
1252 1479 1282 1522 a.
1315 1462 1390 1520 805.
1425 1455 1462 1522 iu

344 1545 535 1608 monasterio
566 1545 600 1610 S.
627 1543 783 1626 Dionpsii
812 1543 964 1626 scriptam
993 1566 1058 1610 esse
1087 1545 1303 1610 demonstrare
1332 1551 1462 1610 conatus

344 1639 398 1698 est.
449 1632 549 1699 Cuius
577 1633 710 1716 oestipia
739 1639 861 1698 secutus
890 1634 932 1697 F.
959 1634 1071 1698 Kurre
1100 1635 1147 1699 oet
1176 1655 1211 1698 eo
1234 1633 1397 1716 prooessit,
1427 1639 1464 1698 nt

344 1743 414 1787 eom
437 1721 506 1786 siue
523 1721 686 1803 probabili
709 1743 808 1788 causa
822 1723 986 1801 Fordulfo
1001 1723 1225 1804 Laupobardo,
1248 1721 1338 1788 iltius
1355 1743 1462 1788 monu-

344 1810 435 1876 sterii
458 1810 574 1892 abbati,
598 1810 654 1892 qui
676 1832 707 1875 o.
732 1816 807 1875 806.
831 1811 970 1892 decessit,
994 1811 1195 1876 ascriberet3.
1480 1835 1506 1874 1⁶

452 1899 597 1965 Annales
628 1898 772 1981 priores,
812 1898 866 1980 qui
905 1899 961 1963 diu
998 1899 1205 1982 delituerunt,
1245 1899 1309 1965 siue
1343 1900 1461 1980 fontem

344 2009 460 2070 eorum,
485 2009 555 2054 cum
578 1995 694 2053 tentum
716 2009 781 2053 non
804 1988 897 2052 semet
919 1988 956 2052 in
971 1988 1106 2054 diuersis
1122 1989 1198 2054 locis
1212 1989 1363 2071 seriptum
1379 1995 1407 2053 et
1421 1990 1461 2054 ub

344 2076 422 2142 abiis
444 2077 663 2142 chronicorum
686 2077 751 2142 siue
774 2076 943 2142 annalium
965 2077 1174 2162 scriptoribus
1197 2077 1375 2143 adhibitum
1397 2098 1461 2142 osse

344 2165 644 2247 animadvertamus,
670 2165 743 2230 olim
765 2165 803 2231 iu
820 2165 966 2247 plurium
988 2188 1103 2232 ruonus
1130 2166 1289 2232 deuenisse
1319 2172 1460 2248 apparet.

344 2255 492 2320 Iunioris
514 2254 707 2321 recensionis
722 2261 854 2336 praeter
876 2254 992 2320 tibrum
1013 2255 1255 2320 Berotinensem
1277 2261 1307 2320 et
1328 2255 1461 2320 codicem
1480 2281 1507 2320 so

350 2342 502 2409 Obrouici
523 2343 709 2426 Repinonis,
733 2343 885 2426 quietim
909 2345 943 2409 S.
967 2345 1102 2424 Arnntlt
1124 2344 1197 2423 fnit,
1227 2343 1360 2426 uestipio
1383 2350 1462 2408 certe

344 2433 477 2498 nonnisi
498 2433 664 2498 rarissime
686 2432 928 2498 inveniuntur4.

451 2521 636 2587 Annalibus
658 2522 885 2603 uetustioribus,
910 2521 965 2603 qui
988 2543 1073 2586 nuno
1095 2521 1131 2586 in
1150 2523 1247 2588 lucem
1263 2527 1459 2601 revocantur,

345 2632 414 2675 cum
436 2609 626 2691 iunioribus,
650 2631 727 2691 qnos
749 2611 815 2675 iam
838 2611 894 2676 diu
923 2631 1120 2692 noveramus,
1153 2610 1274 2675 collatis
1302 2609 1461 2691 iutettepes

338 2713 503 2781 perpauco
525 2699 659 2780 quiderm,
690 2700 745 2763 sed
766 2721 832 2763 non
851 2701 952 2781 plone
974 2701 1200 2765 contemnenda
1221 2698 1259 2764 in
1281 2697 1505 2763 recensionem

338 2787 514 2871 posteriore
548 2788 708 2856 eccidisse.
743 2809 823 2868 quoe
856 2788 923 2852 iam
951 2787 1063 2868 priore
1097 2787 1297 2869 recipiamus.
1355 2787 1460 2851 Multo

344 2884 449 2942 tamen
482 2876 617 2941 maioris
650 2875 849 2942 aestimanda
886 2883 962 2940 sunt
996 2897 1077 2957 uuae
1110 2877 1256 2941 Annutes
1290 2877 1461 2940 Mettenses

342 2965 469 3050 priores
491 2967 535 3030 ad
550 2964 734 3047 propeuiem
757 2971 787 3029 et
801 2965 1052 3046 compositionem
1066 2965 1204 3044 fontium
1219 2965 1290 3030 aeui
1306 2963 1461 3030 Karotini

345 3054 526 3120 accuratius
549 3054 792 3135 dipnosceudam
814 3053 964 3132 afferunt.

451 3144 576 3208 Mando
599 3164 679 3224 quae
701 3143 739 3206 in
761 3141 863 3207 codice
885 3141 1096 3208 Dunctmensi
1126 3141 1314 3221 offendimus
1342 3163 1461 3224 mapnn
1480 3170 1506 3208 oo

343 3231 669 3314 proponentium
693 3231 792 3312 amir,
822 3230 970 3296 inscitiae
996 3231 1044 3295 uel
1072 3229 1219 3296 incuriae
1248 3231 1378 3296 librarii
1408 3230 1461 3295 tri·

346 3323 470 3386 bnenda
485 3342 549 3386 esse
565 3327 704 3402 apparet,
720 3326 756 3384 nt
770 3320 926 3384 nonuutta
941 3319 1036 3384 etium
1056 3341 1094 3384 erc
1109 3319 1294 3385 Annalibus
1311 3319 1460 3402 posterio-

344 3409 434 3475 ribus
457 3409 575 3492 corripi
594 3409 727 3490 possiut.
774 3408 853 3474 Alio
876 3430 956 3490 quac
978 3409 1016 3474 in
1030 3408 1214 3474 Annalibus
1229 3408 1461 3493 posterioribus

347 3655 372 3723 1)
402 3655 444 3720 Cf.
469 3657 549 3718 infra
572 3672 602 3721 p.
626 3656 652 3720 2,
678 3671 704 3708 n.
730 3657 753 3708 1.
780 3656 823 3720 26,
847 3671 874 3708 n.
899 3657 930 3722 ὃς
961 3655 1084 3721 Brcysip,
1109 3655 1193 3707 ‘Karl
1218 3654 1340 3706 Martetl’
1364 3671 1393 3720 p.
1412 3655 1460 3717 46,

345 3745 370 3781 u.
391 3730 415 3781 6.
443 3729 501 3782 115.
586 3725 613 3794 2)
634 3725 724 3776 Aliam
738 3727 870 3793 patriam,
889 3729 1020 3792 repimcem
1038 3729 1132 3778 scilicet
1150 3729 1222 3778 circa
1240 3727 1404 3777 Louduuum
1422 3725 1462 3775 oct
1479 3735 1505 3775 sb

345 3799 494 3850 Pcrronum
513 3799 601 3863 sitam,
614 3813 685 3848 uuus
699 3797 810 3848 Bonnetl
824 3797 841 3852 l.
855 3798 872 3851 l.
890 3815 917 3864 p.
933 3800 983 3852 176
993 3814 1047 3864 sqq.
1067 3800 1102 3850 iis
1114 3799 1270 3863 ossipnnoit.
1333 3795 1360 3864 3)
1375 3795 1460 3858 Quom

345 3871 524 3936 opinationem
548 3871 629 3919 etium
650 3869 679 3923 V.
700 3868 738 3921 Ol.
762 3869 903 3919 Durnmnr
924 3869 946 3922 b.
966 3885 999 3922 m.
1026 3867 1202 3936 r'mprobaoit,·
1226 3869 1261 3931 of.
1282 3866 1459 3918 Wottenbach.

346 3937 447 4002 ‘DGQJ
467 3940 504 3994 cd.
525 3942 549 3994 7.
576 3940 599 4006 I,
625 3957 651 4006 p.
672 3942 731 3994 222.
769 3939 891 4006 Scriptor
904 3941 974 4012 'quin
992 3941 1117 3990 Francus
1135 3941 1227 4005 fuerit,
1246 3939 1369 3989 dirmtare
1387 3937 1460 4003 desii,

345 4028 404 4063 cum
425 4011 660 4063 animadverterem
685 4027 743 4062 aum
761 4011 882 4062 Francos
902 4011 1033 4074 ‘nostros',
1056 4011 1154 4076 tepotos
1172 4011 1274 4062 Korotr'
1290 4009 1328 4060 M.
1349 4011 1462 4061 ‘nostros

346 4082 451 4148 tepotos'
464 4098 607 4149 usurpare.
637 4082 679 4145 Cf.
693 4099 718 4136 a.
729 4084 788 4136 776.
803 4085 863 4136 799.
876 4084 937 4146 803,
950 4098 980 4148 p.
991 4083 1033 4137 65.
1046 4083 1089 4136 83.
1102 4083 1145 4138 89.
1212 4083 1239 4144 4)
1253 4081 1458 4147 thdquidem,
1478 4092 1505 4130 40

345 4155 413 4221 qrcod
431 4154 463 4207 L.
484 4154 510 4208 0.
530 4154 681 4205 Bctbmanu
699 4153 760 4218 (SS.
778 4152 824 4217 VI,
847 4169 876 4219 p.
895 4155 957 4217 275,
978 4169 1004 4206 n.
1024 4155 1073 4218 54)
1094 4152 1182 4216 obluit,
1201 4152 1364 4218 Sipebertum
1384 4152 1461 4203 Gem-

346 4227 502 4290 blesensem,
530 4228 577 4292 qui
603 4223 847 4290 chronopropbiam
874 4239 952 4274 suom
980 4226 1034 4274 iam
1057 4225 1160 4290 primis
1190 4226 1270 4276 annis
1299 4239 1364 4277 socc.
1392 4223 1459 4275 XII.

345 4299 462 4366 scripsit,
480 4312 510 4348 cu
528 4313 606 4348 nsum
624 4311 677 4348 esse
691 4311 745 4362 pro
763 4311 793 4348 re
809 4296 892 4362 plane
911 4295 1063 4361 approbata
1081 4297 1197 4361 accipere
1215 4294 1298 4350 uelim.
1371 4293 1398 4363 5)
1419 4294 1460 4358 Cf.

344 4386 431 4436 supru
449 4385 478 4435 p.
495 4369 566 4436 Vsq.
