3304 4892
245 539 306 596 786.

200 611 228 650 Α.
239 621 258 652 r.
265 609 305 649 ur.

245 1101 305 1155 787.

200 1170 227 1210 n.
238 1181 257 1210 r.
265 1170 304 1209 rr.

218 1579 248 1626 ’1.
259 1580 304 1619 184.

216 2735 271 2785 Apr.
282 2735 301 2776 8.

316 380 352 432 74
462 373 643 430 ANNALES
661 372 887 428 Maracitana
905 373 1078 431 sulcans.
1108 373 1145 428 A.
1158 377 1218 432 786.
1232 377 1293 432 787.

316 570 424 624 autem
454 565 719 622 clementissimus
749 586 799 623 rex
825 569 952 638 Carolus,
982 569 1067 683 lm
1097 569 1232 640 largiente
1258 569 1432 624 Domino²

315 677 425 730 pacem,
452 647 605 730 undique
633 647 797 712 subiectis
825 647 988 730 gentibus
1015 646 1053 724 ·¹,
1084 659 1277 726 habuisset,
1305 659 1435 712 orationis

316 765 397 803 causa
424 747 459 801 ad
486 748 582 802 limina
609 748 796 817 apostolorum
823 742 908 800 Petri
934 746 967 800 et
989 742 1080 799 Pauli
1103 742 1313 817 proficiscens,
1342 765 1435 802 causam

315 836 427 891 Italicas
445 831 478 888 in
497 831 609 888 itinere
628 836 794 906 disponens,
814 837 923 890 etiam
937 831 1005 890 'cum
1019 836 1107 890 missis
1118 837 1291 905 imperatorie
1302 836 1435 905 placitum

316 926 432 980 habuit
456 926 491 980 de
517 926 715 980 convenientia
739 943 835 980 eorum
861 917 896 979 et
920 934 1013 998 pace.
1061 924 1291 994 Oelebravitqua
1315 926 1466 980 nataleme

315 1015 427 1070 Domini
446 1011 479 1066 in
499 1011 612 1067 ecdem
630 1011 742 1066 itinere
761 1015 790 1068 in
807 1013 948 1068 Florentia
966 1015 1085 1070 civimte.

423 1114 544 1174 Anno⁰
592 1109 783 1174 dominicae
832 1110 1079 1174 incarnationis
1126 1108 1433 1173 DCOLXXXVII.

316 1204 397 1263 Cum
419 1205 616 1280 pervenisset
642 1209 750 1262 autem
775 1227 824 1263 rex
847 1209 961 1263 (larolus
983 1209 1111 1278 Romam,
1136 1210 1217 1264 valde
1242 1207 1393 1263 honorifice
1418 1212 1434 1262 a

315 1301 417 1353 domno
449 1299 599 1368 apostolico
630 1299 755 1352 Adriano
786 1303 948 1367 susceptus
978 1303 1026 1354 est.
1082 1291 1224 1368 Cumque
1261 1298 1300 1351 ibi
1330 1298 1434 1367 aliquot

315 1389 431 1442 diebus
461 1399 582 1440 moram
616 1382 750 1452 faceret,
783 1387 935 1458 Haregisus
965 1387 1022 1441 dux
1051 1387 1261 1442 Beneventanus
1295 1387 1434 1442 direxit
1454 1401 1480 1439 10

314 1477 403 1531 filium
434 1494 514 1530 suum
540 1476 709 1531 Rumaldum
740 1494 803 1531 cum
830 1477 937 1547 magnis
963 1476 1122 1530 muneribus
1148 1477 1290 1546 postulans
1316 1488 1432 1546 regem,

314 1577 355 1618 ne
378 1562 412 1618 in
440 1560 520 1617 flues
543 1561 784 1618 Beneventanus
809 1553 995 1617 *exercitum
1026 1560 1163 1618 duceret.
1211 1559 1299 1631 Quae
1328 1563 1432 1634 postu·

314 1651 392 1707 latio
415 1650 536 1706 inutilis
559 1650 627 1706 visa
654 1653 703 1706 est
730 1649 846 1706 domno
874 1655 1029 1723 apostolico
1057 1653 1089 1706 et
1116 1655 1320 1724 optimatibus
1347 1654 1432 1708 Fran-

315 1761 418 1800 corum.
455 1726 592 1795 Iccirco‘l
611 1739 723 1795 exinde
746 1738 906 1812 profectus
930 1739 971 1794 ad
990 1742 1112 1812 Capuam
1135 1745 1324 1798 civitatem
1343 1744 1432 1799 veuit.

314 1828 382 1884 Hoc
409 1827 542 1884 audiens
569 1827 751 1901 Haregisua
780 1833 890 1886 relicto
918 1832 1097 1900 Benevento,
1127 1835 1156 1885 in
1183 1832 1305 1887 Salerno
1333 1827 1478 1884 muni-1⁵

314 1910 459 1972 tissimo²
482 1909 608 1972 castr0³
635 1939 663 1974 se
691 1921 809 1977 reclusit.
855 1921 919 1974 Nou
947 1922 1043 1994 enim
1071 1921 1210 1975 audebat
1235 1922 1334 1975 faciem
1361 1922 1433 1991 regis

314 2010 415 2065 videre.
456 2007 512 2063 Sed
534 2011 646 2064 mittens
670 2004 773 2062 denuo
796 2005 895 2062 alium
921 2005 1022 2061 filium
1050 2023 1144 2062 suum
1172 2006 1299 2062 nomine
1323 2010 1432 2064 Grimu-

314 2098 407 2151 aldum
435 2111 508 2150 cum
534 2095 657 2169 magnis
684 2094 878 2163 muneribus,
907 2099 1024 2153 offerens
1047 2100 1157 2153 etiam
1181 2101 1248 2153 alios
1271 2100 1377 2154 obsides
1401 2097 1433 2150 et

313 2182 507 2251 firmitatem,
532 2183 703 2256 sicutipse
727 2183 927 2252 decrevisset,
959 2183 1044 2258 quod
1071 2201 1195 2258 semper
1223 2184 1290 2258 ipse
1320 2187 1353 2240 et
1382 2184 1432 2239 sui

314 2271 448 2330 subiecti
469 2271 604 2330 fideliter
625 2273 659 2328 in
682 2288 740 2328 suo
763 2273 890 2328 servitio
913 2273 1171 2346 permansissent.
1214 2278 1293 2332 Tunc
1315 2273 1432 2329 miseri·
1451 2289 1479 2327 so

314 2361 420 2418 cordia
443 2364 559 2429 motus,
583 2378 624 2418 ne
647 2361 716 2435 ipsa
738 2370 812 2419 terra
834 2354 1032 2418 vastaretur4
1051 2354 1185 2418 aiacie⁵
1201 2363 1355 2418 exercitus
1372 2362 1430 2429 sui,

314 2456 398 2525 elegit
415 2455 476 2510 XII
494 2456 611 2523 obsides,
629 2456 743 2508 tertium
762 2455 898 2508 decimum
917 2473 995 2508 vero
1014 2473 1077 2508 una
1096 2473 1166 2508 cum
1184 2455 1265 2508 filioe
1283 2456 1433 2524 supradicti

314 2545 404 2612 ducis,
432 2545 544 2598 nomine
572 2544 778 2612 Grimualdum,
809 2540 1014 2596 sacramentis
1045 2539 1170 2609 iuratiS,
1186 2543 1430 2614 ‘[muneribusf]

315 2649 453 2700 quoque
472 2634 603 2702 acceptis
622 2635 662 2686 ab
681 2634 834 2686 omuibus
853 2633 1074 2701 Beneventanis,
1093 2651 1217 2687 reversus
1239 2638 1280 2687 est
1297 2633 1431 2699 Romam,

314 2721 349 2772 in
367 2738 435 2788 qua
453 2722 562 2774 etiam
580 2723 682 2790 pascha
701 2722 857 2778 celebravit.
894 2723 939 2776 Ibi
958 2723 1068 2776 etiam
1086 2723 1225 2776 venientes
1250 2722 1325 2776 missi
1344 2721 1431 2775 Tassi-
1450 2733 1477 2772 ae

313 2809 383 2862 lonis
402 2808 486 2878 ducis,
505 2810 590 2864 Arno
615 2809 776 2879 episcopus⁸
795 2815 823 2863 et
841 2809 980 2864 Hunricus
1003 2811 1121 2880 abbas²‚
1145 2806 1302 2881 supplices
1325 2807 1432 2879 postu·

312 2893 458 2950 laverunt
481 2893 635 2950 domnum
657 2893 833 2949 Adrianum
859 2901 1039 2968 apostolicum
1064 2894 1279 2968 pontificemss,
1309 2898 1346 2951 ut
1375 2910 1431 2968 pro

312 2981 475 3038 Tassilonc
509 2982 595 3057 apud
632 2999 739 3056 regem
772 2982 989 3040 intercederet.
1052 2982 1166 3054 Quod&
1203 2984 1300 3040 etiam
1338 2983 1431 3040 valde

313 3071 425 3127 obnixe
458 3075 655 3145 postulavit⁸,
690 3074 727 3127 ut
762 3071 821 3127 sibi
855 3089 908 3128 rex
942 3072 976 3128 in
1010 3089 1068 3130 aua
1105 3067 1245 3147 pietate⁹
1279 3076 1429 3148 parceret.

313 3159 434 3229 Quibus
458 3160 604 3236 precibus
629 3177 683 3216 rex
705 3159 797 3217 facile
820 3161 989 3218 consensit.
1027 3167 1126 3220 Voluit
1147 3183 1299 3235 namque
1322 3161 1432 3218 statim
1451 3178 1477 3218 eo

313 3271 376 3306 cum
395 3254 460 3323 ipsis
479 3254 616 3324 legatis
634 3272 730 3323 pacem
749 3253 867 3323 firmare,
887 3255 949 3308 sed
966 3256 1152 3324 renuentibus,
1171 3250 1330 3306 Adrianus
1349 3266 1431 3325 papa

313 3344 447 3414 cognovit
465 3342 675 3397 instabilitatem
690 3338 862 3396 Tassilonis
882 3338 981 3406 ducis,
998 3339 1218 3396 interdictione
1237 3344 1431 3398 anathematis

313 3577 334 3628 a)
349 3577 438 3617 domino
452 3577 525 3616 eodem
538 3586 605 3615 manu
618 3577 785 3624 superscr.A1.
854 3576 878 3628 b)
896 3578 996 3626 undique
1011 3578 1090 3616 aarum
1104 3579 1155 3620 add.
1168 3578 1216 3617 Al.
1285 3578 1305 3628 c)
1325 3577 1391 3617 Anno
1405 3597 1432 3606 -

313 3629 620 3672 Dccnxxxwl,om..41.
689 3630 710 3678 d)
725 3631 805 3670 liciroo
820 3632 864 3670 alio
879 3635 997 3670 atramento
1013 3642 1070 3672 corr.
1087 3632 1171 3671 iccirco
1185 3632 1233 3670 Al.
1302 3633 1322 3679 e)
1337 3632 1370 3670 sic
1383 3631 1431 3679 Al,

211 3695 213 3700 ’
313 3684 369 3732 quod
382 3685 536 3722 emendandum
550 3693 593 3722 ease
611 3686 708 3731 apparea,
727 3694 855 3733 quamquam
868 3685 932 3722 ctiam
946 3685 1029 3723 Vadaei.
1044 3685 1119 3723 habai:
1138 3696 1151 3724 a
1170 3684 1298 3734 supradicto
1317 3682 1374 3723 duce
1389 3685 1431 3723 ΧΠ
1450 3687 1476 3727 ab

313 3734 403 3775 obsides
421 3748 471 3776 cum
485 3734 617 3776 Grimualdo
636 3737 684 3776 eius
702 3735 748 3776 tillo
762 3737 846 3776 Karolo
864 3738 988 3778 mittuntur.
1061 3737 1079 3789 i)
1098 3739 1195 3787 sufflavi
1213 3749 1240 3776 av
1258 3738 1286 3780 Δ.
1301 3749 1320 3780 r.
1334 3738 1373 3777 Fr.
1393 3736 1431 3787 (aa

313 3793 406 3838 accepta
420 3790 528 3842 munera).
584 3790 605 3841 g)
620 3791 651 3828 ito
664 3790 712 3830 Al.

314 4004 341 4068 1)
363 4002 405 4065 Cf.
424 4018 510 4069 cupra
528 4019 559 4070 p.
579 4005 622 4068 16,
645 4005 662 4057 l.
684 4006 708 4058 3.
727 4005 752 4058 4.
828 4003 856 4072 2)
877 4003 919 4066 Cf.
938 4019 1024 4071 supra
1046 4020 1072 4070 p.
1091 4005 1135 4070 28,
1160 4004 1177 4057 l.
1199 4005 1232 4059 19
1254 4005 1340 4069 (Aac.
1360 4021 1385 4070 q.
1404 4005 1430 4058 d.

312 4073 394 4127 Eunu.
415 4075 488 4138 786).
596 4078 625 4140 3)
655 4075 697 4138 Cf.
723 4090 810 4141 supra
831 4077 923 4142 1229,
945 4075 961 4128 l.
981 4077 1006 4129 3.
1114 4077 1142 4141 4)
1169 4075 1242 4126 Ana.
1260 4075 1347 4130 Lour.
1365 4077 1430 4130 mia.

312 4145 432 4210 (Ktoina
455 4145 587 4198 Lcrschcr
611 4145 914 4208 Fraukcn-Obronilc')
938 4161 989 4199 reo.
1013 4146 1101 4197 Woa‘tz
1123 4163 1151 4214 p.
1172 4147 1227 4201 414
1252 4145 1321 4216 [16]:
1348 4145 1430 4198 Hari-
1449 4163 1476 4200 eo

313 4215 386 4284 gisus
410 4259 416 4271 .
437 4258 443 4270 .
464 4258 470 4271 .
495 4215 621 4282 obtinuit,
647 4220 679 4268 ut
703 4219 778 4269 terra
801 4233 857 4268 non
881 4219 1035 4269 vastaretur
1059 4216 1114 4271 illa.
1222 4217 1249 4287 b)
1276 4217 1318 4282 Of.
1344 4233 1430 4286 supro

309 4304 338 4353 p.
357 4290 401 4355 43,
429 4287 445 4341 l.
464 4290 489 4342 2.
599 4289 626 4353 6)
657 4287 861 4354 Sclzbuipenaea
889 4289 1075 4356 (vas-821).
1185 4290 1212 4357 7)
1241 4287 1429 4343 Mondaeanaia

313 4360 340 4425 8)
364 4358 424 4413 Scil.
443 4374 530 4426 papa.
603 4361 630 4427 9)
650 4359 690 4424 Of.
709 4375 796 4427 cupra
815 4375 844 4425 p.
864 4361 889 4426 6,
914 4360 931 4414 l.
951 4361 975 4414 9.
1001 4362 1043 4414 10.
