3322 4880
382 394 564 451 ANNALES
581 393 807 450 Martenses
825 393 997 451 Parente.
1029 395 1064 452 A.
1083 399 1143 453 688.
1306 400 1324 454 ὃ

203 581 242 644 in
265 581 403 665 proprio
422 579 495 643 solo
512 579 615 642 armis
631 578 829 642 libertatem
852 577 1105 641 moliebantur²
1125 579 1320 644 defendere.

204 669 317 748 Quam
333 668 602 732 obstinationem
613 667 783 730 invictusl
795 659 982 750 Pippinusb
998 667 1155 750 princeps
1170 667 1317 754 crebris⁰

205 757 481 842 expeditionibus
515 749 797 838 utilissimisqued
831 754 983 819 consiliis
1018 757 1053 820 et
1082 755 1321 837 frequentibus

205 845 496 930 populationibus,
510 845 659 908 Domino
677 847 892 927 cooperante,
910 838 1143 928 conpescuitd*
1155 845 1321 908 severissi·

168 939 364 1017 snrasque⁰
398 935 571 1010 nationes,
608 934 725 996 divina
760 933 947 996 comitante
981 933 1127 1010 virtute,
1164 935 1320 1017 propriae

205 1023 433 1088 dominationi
456 1022 594 1106 subegit
604 1023 625 1082 2.

311 1105 638 1194 Eodemftempore
662 1110 949 1174 Theodericusss·³
971 1131 1030 1175 rex
1054 1109 1321 1174 occidentalium

204 1201 424 1278 Francorum,
460 1221 543 1283 quos
578 1200 629 1262 illi
665 1192 880 1263 Niuistriosh
918 1199 1049 1275 dicunt,
1086 1199 1228 1283 regebat
1261 1199 1321 1262 im·
1406 1243 1408 1248 .

204 1291 346 1373 perium,
371 1296 490 1352 habens
507 1295 658 1352 maiorem
674 1295 787 1352 domus
803 1294 976 1351 Ebroinum
991 1295 1128 1363 nomine,
1146 1287 1320 1352 crudelem
1330 1311 1398 1354 cna
1409 1311 1454 1354 aa.

155 1403 185 1442 ιο
203 1378 336 1442 scilicet
359 1379 470 1442 virum
494 1381 529 1442 et
552 1378 597 1441 ad
620 1377 770 1461 plurima
785 1377 871 1440 vitia
886 1398 1042 1460 pronum.
1083 1381 1142 1453 Qui
1160 1383 1320 1458 quondam

203 1461 357 1548 quadami
403 1473 591 1531 necessitate
633 1475 765 1547 cogente
803 1473 1030 1529 monasterium
1068 1472 1153 1546 quod
1190 1476 1321 1530 vocatur

202 1555 399 1620 Luxoviumi
422 1562 500 1620 adiit
523 1556 639 1638 ibique
656 1562 767 1635 capitis
791 1548 903 1618 comak
922 1560 1065 1635 deposita
1086 1549 1314 1620 monasticael

172 1642 175 1648 '
202 1646 294 1710 vitae
318 1645 476 1708 habitum
507 1665 584 1708 cum
614 1647 695 1708 voto
726 1645 886 1728 suscepit.
940 1643 1033 1707 Sedm
1056 1643 1320 1708 succedentibus

203 1735 311 1812 annia,
337 1755 413 1798 cum
438 1755 498 1798 rex
522 1733 620 1811 alius,
644 1733 704 1816 qui
728 1733 793 1797 sibi
817 1733 946 1796 amicus
964 1733 1090 1809 iuerat,
1108 1733 1319 1796 Francorum

157 1846 183 1885 rs
202 1823 427 1906 suscepisset11
461 1823 644 1906 imperium
655 1822 676 1900 ⁵,
711 1843 845 1885 rursum
881 1828 1109 1884 monasterium
1139 1828 1319 1902 relinquens

202 1912 448 1995 habitumque⁰
468 1911 709 1974 tantummodo
733 1915 895 1974 tonsurae
911 1911 1073 1988 retinens,
1090 1910 1315 1975 monachalep

202 2001 359 2064 habitum
377 2001 563 2077 abiciensq,
577 2020 681 2063 uxore
696 2003 845 2083 recepta,
862 2005 1034 2062 honoremr
1050 2006 1164 2062 iterum
1181 2007 1320 2063 maioris·

202 2094 369 2152 domatuss
398 2085 564 2169 arripuitl.
618 2088 685 2152 Sed
709 2091 877 2170 quantum
905 2089 1100 2152 inordinate
1131 2091 1167 2152 et
1195 2087 1318 2154 illicite

201 2178 317 2241 illiusu
337 2177 798 2241 officiiadministrationem
814 2177 930 2254 subiit,
946 2179 1107 2240 tantumv
1126 2177 1318 2260 perversius

156 2291 183 2329 so
202 2271 238 2331 et
261 2267 439 2331 scelestius
462 2266 571 2350 ipsius
594 2265 879 2348 gubernationem
904 2266 1067 2330 exercuit.
1106 2271 1187 2328 Nam
1210 2271 1483 2340 illosW,0r.c.rr.0.2.4

201 2362 255 2436 qui
289 2363 349 2419 sibi
385 2363 419 2418 in
456 2361 549 2436 primi
586 2361 780 2435 principatus
819 2355 1011 2418 amissione¹
1048 2360 1220 2417 adversarii
1257 2361 1317 2416 visi

202 2449 311 2522 sunty,
335 2451 380 2507 ita
403 2454 587 2525 persecutus
611 2453 669 2518 est,
694 2453 730 2507 ut
753 2449 921 2506 nonnullos
944 2449 1020 2517 vita,
1045 2438 1195 2506 multos*
1219 2442 1317 2506 liber·

200 2536 291 2610 tate,
330 2533 515 2617 plurimosz
555 2539 687 2612 propriis
726 2537 930 2594 facultatibus
965 2537 1121 2612 spoliaret.
1179 2537 1217 2594 In
1255 2554 1317 2612 quo

200 2628 305 2686 furore
340 2629 436 2686 etiam
470 2628 697 2702 Leodegarius,
736 2627 868 2684 eximiae
903 2626 1080 2684 sanctitatis
1119 2619 1316 2701 episcopus⁶,

155 2732 182 2774 ss
201 2711 282 2793 quia
310 2711 384 2795 ipse
408 2710 500 2774 solus
531 2731 627 2774 suam
658 2709 833 2774 vesaniam
862 2711 1068 2792 redarguere
1099 2713 1316 2786 eona-sture,

201 2806 340 2863 martirio
378 2809 554 2863 coronatur.
616 2792 686 2862 Eeb
723 2801 930 2882 tempestate
969 2797 1110 2882 plurimi
1148 2799 1317 2864 nobilium

314 2988 339 3058 *)
360 2989 504 3042 nonnullos
523 2988 579 3042 vita
596 2988 796 3056 libertateque
815 2991 840 3042 B
851 2992 874 3044 1.

201 3205 222 3256 a)
237 3205 384 3244 mouebantur
398 3205 446 3244 Aa.
501 3203 524 3252 1))
538 3204 631 3252 Pipinus
646 3204 685 3242 hoc
698 3205 743 3242 loco
757 3205 804 3243 Bl.
860 3205 881 3250 c)
895 3204 979 3243 crebris
993 3203 1041 3242 Aa
1057 3203 1104 3242 131.
1159 3200 1318 3250 d)uitiss1mis-

201 3268 245 3306 que
259 3259 305 3300 Α2,
359 3255 396 3308 (1*)
410 3268 483 3306 comp.
498 3257 545 3298 Β1.
600 3257 621 3308 e)
635 3257 667 3295 itu
680 3257 791 3308 A1.nr;
806 3257 883 3306 naar,
897 3268 926 3294 an
939 3257 996 3304 torte
1010 3257 1120 3304 legendum
1135 3256 1317 3304 rarissimasqu03

156 3314 183 3354 36
200 3311 398 3358 severissimeque
412 3333 438 3340 —
452 3311 540 3358 subegit
554 3321 595 3352 om.
609 3311 656 3350 ns.
707 3309 725 3361 1)
739 3309 773 3349 no
787 3311 834 3352 131.
882 3309 905 3359 g)
919 3307 1056 3349 'Peodericus
1070 3309 1117 3348 At.
1173 3309 1196 3359 h)
1207 3308 1319 3347 Niustrios

201 3365 251 3404 ΔΞ.
319 3364 335 3416 1)
355 3375 396 3404 om.
416 3365 465 3403 Α2.
533 3363 557 3414 k)
576 3375 639 3402 como
653 3373 709 3402 corr.
725 3374 788 3402 coma
805 3363 893 3413 (capitis
907 3364 985 3402 iterum
1004 3364 1062 3412 add„
1082 3364 1119 3401 aad
1138 3363 1247 3410 capuaci.)
1267 3361 1316 3402 At.

201 3420 217 3466 1)
231 3417 361 3474 monachice
375 3417 423 3456 Α2.
488 3418 517 3465 ιιι)
533 3415 664 3456 Succedent.
680 3427 747 3455 vero
761 3417 808 3455 Β1.
872 3415 896 3466 ιι)
912 3417 1010 3466 suscepit
1024 3418 1071 3456 Ar.
1136 3415 1157 3466 ο)
1173 3415 1318 3464 habitumque

202 3469 333 3510 monachale
346 3471 445 3510 abiciens
459 3471 546 3516 (retem
559 3470 653 3518 omissis)
668 3470 715 3508 At.
779 3468 803 3522 p)
818 3470 966 3509 monachilem
980 3471 1027 3509 At.
1092 3470 1114 3516 q)
1132 3467 1266 3518 despiciens,
1281 3469 1318 3506 vel

200 3524 340 3563 urbicariam
354 3534 420 3561 manu
433 3533 540 3572 sscpcrser.
560 3523 608 3561 Bi.
690 3521 711 3572 r)
729 3533 821 3562 onorem
839 3523 889 3562 Aa
971 3525 989 3570 s)
1009 3523 1099 3561 maioris
1118 3519 1317 3569 dominatuum,

155 3579 183 3620 aa
201 3577 376 3616 maiordomatus
394 3576 443 3615 At.
513 3578 530 3622 t)
549 3575 633 3624 aripuit
647 3575 694 3614 Δ2.
762 3577 786 3622 ιι)
803 3576 888 3616 inlicite
902 3575 939 3618 off.
953 3575 1013 3615 illius
1028 3575 1076 3614 Aa
1145 3574 1168 3624 v)
1187 3578 1249 3613 tanto
1267 3574 1317 3616 At.

201 3631 230 3682 w)
245 3630 279 3669 illi
293 3631 337 3668 alio
351 3632 471 3668 atramento
488 3639 545 3667 corr.
561 3629 611 3667 illos
625 3629 674 3668 Al.
742 3629 765 3680 x)
784 3629 892 3668 emisione
906 3629 953 3668 Aa.
1022 3631 1046 3678 y)
1064 3625 1116 3669 adv.
1134 3627 1250 3667 ruerunt
1268 3627 1288 3666 B
1298 3629 1317 3666 1.

201 3685 221 3736 z)
235 3684 407 3724 acaiioatram.
418 3681 643 3731 posrsuperawr.
694 3679 717 3732 s)
731 3683 853 3721 conabatur
867 3683 913 3722 Β1.
964 3681 1093 3732 entant.
1108 3681 1160 3730 313
1175 3680 1319 3722 EademAl.

203 3881 229 3946 1)
258 3879 303 3930 Ita
321 3878 424 3930 Karoli
446 3878 564 3930 nondam
588 3893 700 3943 repetam
726 3876 814 3944 adepti
838 3877 881 3928 hic
905 3879 984 3944 quasi
1008 3881 1159 3928 ambienter
1185 3877 1321 3944 appretiari

201 3951 302 4012 soban
320 3953 354 4015 cs.
372 3949 453 4012 infra
469 3951 539 4016 pt,
555 3950 636 4016 7.16;
655 3965 682 4004 a.
699 3949 759 4004 691.
778 3951 839 4004 692.
858 3950 918 4002 714.
938 3950 1000 4002 716.
1018 3950 1078 4003 735.
1098 3950 1158 4002 737.
1178 3950 1238 4002 746.
1257 3949 1318 4003 744.

156 4037 184 4076 to
203 4023 263 4075 746.
283 4022 350 4087 789;
373 4023 454 4072 eiiam
471 4036 560 4087 supra
578 4036 608 4086 p.
628 4023 653 4083 3,
676 4021 693 4074 l.
714 4021 755 4074 13.
776 4022 811 4074 14
833 4018 878 4087 (ab
897 4017 1075 4070 invictissima
1092 4022 1237 4086 parentum
1255 4032 1319 4086 pro-

203 4090 301 4159 sapia);
315 4091 514 4156 Drinzelmaan,
529 4091 571 4146 ‘N.
584 4089 698 4142 Archiv'
708 4091 748 4156 II,
760 4107 791 4158 1).
804 4091 865 4145 622.
879 4091 940 4144 526.
954 4091 1018 4156 527;
1031 4091 1146 4156 Simeon,
1158 4091 1193 4144 ib.
1206 4088 1320 4150 XXIV,

198 4179 228 4229 p.
247 4164 299 4216 462
313 4178 351 4228 sq
458 4162 486 4231 2)
511 4163 580 4214 Fere
603 4163 673 4213 idem
697 4164 754 4212 iam
774 4177 804 4228 p.
823 4163 849 4227 4,
875 4162 892 4215 i.
912 4163 947 4216 20
960 4177 1014 4228 sqq.
1058 4161 1100 4226 Cf.
1125 4168 1213 4213 tamcn
1240 4161 1320 4225 iufra

202 4249 228 4286 a.
242 4234 302 4291 691,
368 4233 396 4300 3)
412 4233 590 4286 iimdcricus
603 4233 658 4287 ΙΙΙ,
675 4233 847 4300 (urs-691).
913 4231 941 4301 4)
954 4232 1074 4284 Luoeeuil
1084 4231 1319 4297 (Reate-Scine),

203 4304 231 4369 5)
255 4303 295 4358 Sc.
318 4303 496 4356 Theudoricus
514 4304 570 4359 ΙΙΙ.
615 4305 658 4369 Cf.
682 4304 779 4356 Ursini
801 4309 825 4356 ei
849 4305 979 4368 anonymi
1000 4304 1078 4356 Vitas
1102 4319 1123 4359 s.
1145 4303 1321 4368 Lcodcpors'i5

156 4389 184 4429 45
203 4375 322 4441 Kruach,
343 4374 386 4430 ‘N.
406 4375 519 4428 Archic’
535 4375 615 4440 XVI,
632 4391 662 4441 p.
679 4377 732 4431 682
744 4391 782 4442 eg.
854 4374 882 4444 6)
901 4375 1150 4441 Augustoduneusis
1169 4373 1198 4442 (†
1210 4373 1284 4442 679).
