3304 4892
309 363 343 417 to
456 357 636 414 manns
653 357 880 414 Mnrrnnsns
898 356 1070 414 Pnrcnne.
1100 357 1137 414 A.
1150 359 1210 414 782.
1223 359 1283 414 783.

190 595 217 635 Α,
229 524 298 633 Ζῗὲ]
308 550 377 624 i1³⁸⁰
400 564 534 616 reverso,
558 553 690 608 suadente
715 541 857 622 perfld0²
878 552 1066 624 Witigindo⁸‚
1093 551 1215 608 Saxones
1242 553 1323 606 solito
1350 569 1427 606 more

308 643 442 698 mentiti
472 647 543 699 sunt.
597 641 635 696 nt
664 643 809 712 ignorante
838 643 923 712 rege²
953 641 1049 696 missos
1079 657 1155 709 suos,
1186 640 1369 711 Adalgisum⁸
1399 644 1427 694 et

310 731 472 787 aaronem*
501 735 534 786 et
555 729 782 800 waffarium-⁶,
809 723 907 800 quos⁰
936 742 1008 782 cum
1038 729 1128 800 parte
1155 725 1309 782 exercitus
1332 725 1427 781 Bran·

310 832 418 874 corum
441 815 555 872 direxit
576 815 610 870 in
633 813 811 883 Saxoniam‚
840 824 880 889 ut,
909 815 1046 889 acceptis
1070 830 1108 871 ex
1138 814 1188 870 his
1212 813 1425 882 bellatoribus,

310 905 520 980 perrexissent
542 903 660 977 pariter
684 925 765 977 super
787 908 908 977 Sclavos,
931 908 978 978 qui
1001 903 1034 960 in
1060 903 1122 960 illis
1145 903 1287 977 partibus
1311 907 1459 962 rebellent

311 1003 422 1054 erant.
477 993 546 1049 Hoc
579 985 712 1066 perfidi1
746 991 885 1050 Saxones
920 994 1085 1050 cernentes
1119 985 1299 1048 irruerunt6
1333 1008 1428 1066 super

309 1082 456 1150 Francos,
481 1080 661 1155 crudelique
684 1081 781 1155 prelio
800 1086 957 1140 commisso
982 1095 1023 1138 ex
1041 1079 1188 1157 utreque
1212 1077 1309 1158 parte
1332 1073 1428 1137 multi

310 1170 466 1228 vulnerati
488 1162 696 1226 oeciderunt⁷.
744 1169 831 1226 Inter
853 1185 931 1244 quos
955 1170 1051 1226 etiam
1074 1175 1222 1246 Adalgisus
1247 1179 1276 1228 ot
1295 1174 1374 1229 Gallo
1399 1175 1429 1226 in

309 1269 403 1318 monte
426 1263 473 1332 qni
496 1263 597 1317 dicitnr
614 1263 737 1318 Sundal³
760 1258 983 1316 occubuerunt.
1026 1263 1090 1318 Hoc
1111 1263 1224 1318 audiam
1246 1280 1296 1317 rex
1315 1263 1427 1318 Carolus

310 1372 373 1408 cum
391 1353 461 1419 his,
481 1369 548 1422 quos
566 1353 616 1406 sub
635 1353 776 1407 celeritate
794 1353 960 1424 coniungere
980 1352 1079 1422 potuit,
1098 1341 1233 1405 Renum
1256 1341 1428 1405 transiens
1449 1364 1476 1402 10

310 1437 478 1494 Saxoniam
501 1437 679 1511 penetravit
702 1447 730 1495 et
749 1443 875 1512 pervenit
897 1442 932 1496 ad
955 1444 1054 1509 locum,
1078 1441 1126 1496 ubi
1145 1442 1231 1494 Alera
1253 1439 1286 1493 et
1308 1436 1429 1493 Wisera

310 1527 442 1582 fiumina
464 1525 637 1606 confluunt.
684 1523 723 1582 In
749 1543 810 1600 quo
841 1527 908 1583 loco
939 1527 1095 1601 supplices
1119 1525 1258 1582 Saxones
1288 1525 1428 1600 undique

309 1615 350 1672 ad
365 1615 455 1671 illum
472 1617 627 1671 venerunt
642 1616 674 1670 et
693 1636 786 1673 omnes
803 1621 865 1673 illos
883 1621 1082 1689 malefactores,
1101 1621 1148 1688 qui
1165 1615 1244 1671 illud
1259 1602 1425 1689 iniquuml

310 1704 476 1761 consilium
494 1705 762 1777 perpetraverant,
781 1705 847 1777 regi
865 1704 1065 1761 tradiderunt
1084 1709 1117 1762 ad
1137 1709 1326 1777 occidendum,
1345 1704 1428 1759 viros

310 1787 408 1868 quasi
420 1797 514 1850 Imor
528 1797 605 1850 milia
616 1797 673 1853 De.
705 1795 786 1866 Quod
804 1797 887 1850 itaet
905 1797 1009 1852 factum
1028 1802 1075 1854 est.
1100 1793 1293 1867 Witigindus
1309 1796 1428 1859 tamen,
1449 1807 1476 1847 1⁶

311 1885 421 1938 auctor
444 1881 592 1948 oriminis,
617 1881 659 1936 ad
674 1879 943 1938 Nordomanniam
967 1880 1152 1956 coniugium
1175 1875 1282 1938 fecit⁹.
1322 1881 1430 1938 Victor

310 1987 385 2027 vero
418 1987 473 2026 rex
507 1967 637 2026 Carolus
671 1970 705 2025 in
739 1969 905 2026 Franciam
939 1987 1083 2027 reversus
1118 1973 1183 2038 est,
1220 1979 1248 2028 et
1282 1974 1430 2029 celebravit

192 2044 303 2156 unffi
311 2065 433 2118 natalem
450 2063 563 2118 Domini
580 2064 610 2117 in
627 2064 693 2118 villa
711 2081 781 2132 quae
800 2064 900 2118 dicitur
917 2064 1056 2118 Teodonis
1075 2068 1102 2118 et
1120 2065 1221 2134 pascha
1239 2065 1372 2120 similiter.

195 2185 301 2224 aare.
419 2152 542 2222 Annof
584 2159 626 2222 ab
672 2159 911 2224 incarnatione
952 2159 1093 2223 Domini
1131 2158 1428 2222 DCCLXXXIII.

204 2275 261 2323 Aer.
269 2275 302 2316 so.
311 2254 417 2312 Bonae
433 2255 602 2311 memoriae
614 2258 790 2329 Hildegardis
808 2260 904 2329 regina
923 2259 991 2313 obiit
1009 2260 1097 2328 pridie
1109 2259 1173 2315 Kal.
1186 2259 1262 2328 Maii,
1282 2247 1429 2330 sepulta·
1448 2271 1475 2308 eo

312 2343 400 2420 queg
433 2340 486 2402 est
523 2337 622 2400 iuxta
655 2337 845 2401 Metensem
883 2329 1025 2401 urbemh
1060 2338 1097 2399 in
1136 2331 1301 2400 basilica*
1336 2335 1430 2401 beati

312 2426 448 2490 Arnulfi
472 2425 722 2490 confessoris10.

197 2540 301 2584 aare.
418 2521 645 2578 Eodem'anno
669 2525 790 2580 Saxones
813 2527 930 2580 rebelles
954 2527 1168 2581 extiterunt.
1210 2519 1328 2578 Contra
1350 2536 1428 2594 quos

312 2631 361 2666 rex
391 2614 503 2668 Carolus
533 2610 624 2684 signa
656 2610 785 2678 direxit,
817 2619 845 2668 et
874 2615 999 2684 pervenit
1029 2609 1063 2665 in
1094 2610 1199 2666 locum
1229 2610 1282 2684 qui
1316 2609 1430 2666 dicitur

313 2701 506 2758 Teutmallii.
546 2699 584 2754 In
602 2715 664 2772 quo
687 2699 755 2755 loco
771 2697 910 2756 Saxones
933 2699 967 2754 in
990 2699 1090 2755 aciem
1112 2699 1267 2756 irruentes
1278 2691 1305 2730 Π
1320 2701 1430 2755 contra
1449 2714 1476 2754 as

312 2785 449 2842 Francos
483 2803 624 2860 pugnam
661 2787 816 2855 inierunt,
855 2787 912 2843 sed
949 2788 1121 2844 auxiliante
1152 2792 1269 2846 Domino
1300 2785 1429 2844 Carolus

159 2860 302 2954 Μξξείζηξζ
312 2880 401 2934 victor
419 2881 530 2936 extitit.
565 2875 604 2932 In
619 2891 681 2950 quo
696 2875 777 2932 bello
793 2863 916 2932 multak
931 2876 1017 2932 milia
1029 2875 1189 2934 Saxonum
1205 2868 1429 2943 cecideruntffl,

192 2969 351 3026 aaraita
369 2973 401 3022 ut
422 2969 504 3039 pauci
526 2968 639 3039 iugaml
665 2968 859 3024 evaderent.
900 2968 970 3023 Inde
992 2965 1052 3022 iter
1074 2965 1182 3040 cepitm
1200 2987 1258 3039 rex,
1282 2971 1317 3024 ad
1335 2969 1430 3024 Patre·

426 3148 452 3218 *)
472 3149 522 3204 Bl
542 3150 622 3204 odda
641 3148 827 3217 apostolorum
847 3151 881 3204 et.

313 3323 621 3380 a)Wltlngindoh.l.A1.
676 3327 700 3372 b)
710 3327 834 3368 Woradnm
847 3325 905 3365 Anu.
921 3337 940 3368 r.
953 3327 992 3365 Fr.
1053 3326 1073 3377 o)
1088 3337 1143 3374 quos
1157 3327 1276 3369 ridendum.
1330 3323 1354 3377 d)
1367 3325 1432 3376 inlati
1450 3327 1476 3367 30

313 3380 439 3431 (iniqulum)
454 3380 474 3419 A
483 3382 501 3421 1.
566 3380 588 3431 e)
606 3381 637 3419 eie
650 3380 707 3420 Ann.
723 3391 742 3424 r.
756 3381 793 3422 Fr.
800 3392 809 3427 ,¹
823 3381 841 3418 L
855 3381 907 3429 A13
926 3380 974 3419 1111
987 3379 1049 3418 milia
1063 3380 1083 3418 D
1098 3380 1159 3419 viros
1174 3380 1226 3422 Lot.
1286 3379 1303 3431 1)
1323 3380 1389 3420 Anno
1405 3399 1432 3408 -

313 3433 494 3475 DCCLXXXIII.
512 3445 554 3476 om.
567 3434 615 3473 Ar.
679 3433 702 3484 g)
716 3439 738 3472 et
752 3435 840 3482 sepulta
854 3434 901 3473 131.
966 3434 989 3484 h)
1004 3434 1082 3472 urbem
1097 3434 1228 3472 Mettensem
1242 3433 1288 3472 Bl.
1352 3432 1369 3483 i)
1384 3437 1432 3472 ent·

313 3488 375 3526 malli
388 3488 408 3526 A
417 3489 436 3528 1.
505 3486 530 3539 lr)
544 3487 613 3527 melta
622 3491 674 3536 post
687 3497 744 3529 corr.
758 3488 829 3526 multa
843 3487 890 3526 Al.
959 3487 975 3536 l)
990 3487 1021 3524 tta
1034 3487 1081 3529 Al.
1096 3488 1153 3526 Ana.
1168 3498 1187 3527 r.
1200 3487 1240 3529 Fr.
1306 3485 1336 3538 m)
1350 3486 1432 3525 itinere

314 3546 393 3590 coepto
407 3541 467 3584 w.

315 3699 341 3769 1)
356 3699 398 3765 Cf.
410 3716 495 3768 supro
507 3717 536 3767 p.
550 3702 594 3768 28,
609 3701 627 3754 l.
639 3703 664 3756 9.
681 3701 722 3756 10.
789 3698 817 3769 2)
837 3700 939 3752 Scilicet
958 3700 1079 3752 Saxones
1096 3701 1193 3752 iterum
1206 3715 1224 3750 c
1237 3700 1289 3764 fide
1300 3700 1431 3764 defecisse.
1451 3711 1477 3750 so
1521 3697 1522 3702 ’

314 3774 342 3838 3)
375 3771 571 3827 comestam.
679 3772 707 3841 4)
744 3771 867 3824 Comitem
897 3771 1004 3824 amacii.
1113 3771 1140 3840 5)
1172 3771 1295 3822 Comitem
1321 3771 1431 3838 palatii.

315 3843 343 3910 6)
365 3842 450 3894 Immo
468 3845 546 3895 missi
559 3843 664 3894 Karoli
679 3859 761 3911 saper
775 3842 895 3895 Senones
913 3845 1072 3904 irruerant,·
1090 3843 1125 3906 ef.
1144 3857 1231 3908 supra
1245 3858 1275 3907 p,
1293 3843 1335 3906 53,
1355 3859 1382 3896 a.
1400 3845 1431 3908 53

314 3914 396 3978 infra
417 3929 442 3966 c.
461 3916 520 3968 783.
540 3917 607 3982 7843
627 3915 670 3968 ‘N.
690 3914 804 3966 Archio'
823 3913 934 3978 XXIV,
950 3930 980 3980 p.
992 3915 1055 3967 404.
1127 3913 1154 3980 7)
1171 3912 1232 3963 Non
1250 3918 1280 3962 ut
1298 3915 1332 3965 A.
1346 3930 1370 3964 r.
1383 3910 1431 3967 El.

314 3985 442 4036 audacter
462 3991 486 4037 et
511 3987 647 4050 fallaciter
664 3986 786 4038 Francos
809 3987 901 4036 enasse
921 3984 1082 4050 perhibeam
1106 3985 1141 4048 cf.
1161 3983 1205 4036 ‘N.
1224 3983 1340 4035 Archiv'
1359 3984 1376 4035 l.
1395 3983 1411 4036 l.
1420 3999 1433 4046 ,·

320 4056 404 4108 Witet
420 4057 471 4110 tl.
486 4059 589 4122 p.242.
661 4056 689 4125 8)
708 4056 809 4110 Salutat,
882 4057 909 4122 9)
931 4055 972 4119 Cf,
991 4070 1078 4122 supra
1092 4071 1121 4122 p.
1136 4057 1178 4120 12,
1196 4055 1213 4108 l.
1225 4057 1249 4108 7.
1323 4056 1367 4122 10)
1389 4055 1431 4118 Cf.
1450 4065 1477 4104 eo

314 4143 401 4195 supra
421 4145 451 4195 p.
471 4129 514 4194 57,
539 4144 565 4182 a.
585 4131 610 4183 9.
719 4127 765 4195 11)
790 4128 824 4181 A.
849 4142 874 4180 r.
896 4125 958 4180 Fra
983 4124 1028 4178 Ibi
1055 4123 1177 4178 Saxones
1202 4128 1434 4193 praeparaverunt

314 4215 408 4268 pugna
431 4198 461 4250 in
486 4214 592 4267 campo,
617 4197 664 4265 qui
688 4197 804 4250 viriliter
829 4196 944 4250 domnus
962 4194 1075 4249 Carolus
1099 4213 1150 4249 rex
1175 4200 1202 4250 et
1227 4195 1328 4249 Franci
1352 4195 1432 4248 solito

314 4286 391 4322 more
409 4286 492 4339 super
510 4285 556 4323 eos
579 4269 732 4338 inruentes3
758 4273 791 4334 es.
816 4284 905 4336 supra
929 4285 955 4323 a.
975 4271 1000 4324 6.
1092 4267 1135 4337 12)
1162 4270 1234 4323 Aua.
1253 4267 1432 4320 Laurentem.

314 4341 480 4406 (Mosellae.)
487 4359 497 4394 :
516 4343 544 4395 et
562 4339 720 4395 ceciderunt
738 4356 772 4392 ex
789 4344 868 4408 parte
887 4338 1027 4393 Saxonum
1045 4339 1133 4392 multa
1151 4339 1234 4395 milia.
