3304 4892
321 341 356 393 92
505 333 685 390 ANNALES
703 333 930 390 MET'I'ENSES
946 333 1120 394 PRIORES.
1152 338 1187 392 A.
1200 339 1262 394 804.

206 562 233 604 A.
244 493 311 603 532}
322 513 394 566 Nem
412 513 561 582 imperator
579 529 661 582 super
672 513 787 566 Albiem
804 512 928 581 fluvium,
947 517 985 568 ut
1003 531 1112 583 supra
1131 514 1316 582 diximus¹,
1328 513 1441 568 sedebst

322 602 351 656 in
369 603 430 656 loeo
448 602 496 672 qui
514 601 615 656 dicitur
631 601 818 671 Holdunsteti,
837 606 865 656 et
882 603 965 656 missa
983 603 1018 656 ad
1034 601 1217 656 Godeiridum
1235 603 1373 672 legatione
1390 621 1440 672 pro

254 705 311 753 sepe.
321 689 442 762 perfugis
460 690 615 758 reddendis,
633 690 725 744 medio
739 690 914 760 Septembrio
928 690 1071 747 Coloniam
1085 691 1167 747 venit.
1197 680 1308 745 Inde²
1324 683 1440 746 autem

226 794 282 842 seps.
292 796 312 833 1.
323 789 401 831 oum
439 767 599 832 laeticiae
637 768 786 850 magna³
822 788 997 852 regressus
1032 768 1111 832 Kal.
1147 767 1362 853 Septembr.⁴
1396 770 1441 833 ad

257 883 312 923 mv.
323 857 431 940 Aquis
455 857 627 941 palacium
650 850 779 921 venith.
819 863 858 920 In
877 880 938 938 quo
957 881 1030 920 eum
1050 866 1143 932 esset,
1163 869 1254 924 medio
1273 868 1441 924 Novembris
1461 882 1476 922 s

323 957 533 1010 nuntiatum
556 962 598 1012 est
621 959 654 1022 ei,
678 947 770 1028 quod
793 945 863 1010 Leo
887 967 977 1030 pepe
1000 967 1097 1009 suum
1124 946 1333 1028 colloquium
1358 946 1441 1010 desi-

323 1035 446 1098 derans
469 1035 507 1096 in
530 1035 711 1098 Franciam
734 1035 867 1099 veniret
891 1039 926 1099 et
951 1048 1072 1101 natalem
1094 1046 1207 1100 Domini
1229 1064 1292 1100 oum
1315 1064 1347 1102 so
1371 1047 1442 1114 eele-

322 1136 403 1189 brare
431 1135 529 1200 vellet,
559 1136 726 1204 ubicumque
752 1135 805 1188 hoo
832 1135 993 1206 contingere
1020 1137 1160 1204 potuisset.
1211 1122 1276 1187 Oui
1306 1124 1439 1187 obviam

323 1212 448 1295 legatis
480 1213 550 1276 suis
581 1212 730 1288 directis,
762 1233 840 1276 oum
870 1213 939 1276 iam
971 1213 1134 1290 audisset,
1165 1214 1257 1296 quod
1286 1213 1356 1276 iam
1386 1213 1442 1276 ad·

323 1305 481 1378 venerat,
517 1301 654 1366 obviam
689 1301 762 1366 eius
792 1302 910 1366 itineri
941 1301 1067 1366 direxit
1100 1305 1306 1383 premittensc
1340 1307 1442 1364 filium
1462 1325 1491 1366 1o

324 1415 418 1454 suum
449 1395 596 1454 Carolum
631 1413 737 1472 regem
747 1390 768 1465 ⁵,
803 1400 840 1454 ut
874 1414 947 1454 eum
982 1414 1055 1454 eum
1088 1391 1229 1454 honore6
1262 1398 1345 1454 inter
1373 1397 1441 1454 vias

324 1486 524 1560 suscepisset.
568 1491 633 1560 ipse
658 1508 799 1559 quoque
827 1480 871 1542 ad
896 1492 1048 1546 Remorum
1074 1492 1212 1546 civitatem
1239 1479 1275 1542 in
1300 1479 1443 1543 basilica

325 1569 419 1633 beati
433 1569 582 1651 Remigii
606 1569 758 1652 episcopi
782 1572 817 1632 et
841 1568 1068 1632 confessoris⁷
1092 1569 1124 1633 ei
1147 1569 1297 1634 occurrit
1313 1572 1348 1633 et
1364 1589 1442 1632 oum

324 1679 449 1742 magno
487 1657 637 1740 gaudio⁸
675 1661 710 1721 et
744 1658 989 1722 veneratione⁹
1028 1678 1106 1722 eum
1145 1657 1312 1741 suscepit;
1350 1669 1443 1736 ibique

324 1761 488 1826 susceptum,
513 1757 603 1825 primo
623 1756 790 1810 Curisiacum
815 1758 918 1824 villam,
944 1759 992 1811 ubi
1017 1759 1138 1812 natalem
1156 1757 1268 1812 Domini
1286 1757 1442 1825 celebravit,
1462 1770 1490 1810 rt

324 1845 513 1902 devenitw.
564 1834 652 1898 Inde
683 1835 813 1917 pariter
843 1835 1098 1918 proficiscentes
1132 1838 1363 1919 pervenerunt
1398 1835 1443 1897 ad

325 1923 516 1986 Suessionis
540 1923 726 1988 civitatem.
766 1923 809 1986 Iu
833 1944 901 2006 qus
925 1924 1064 1988 dimisso
1088 1924 1250 2008 pontifice
1274 1924 1318 1986 ad
1342 1922 1442 1988 eollo·

324 2013 442 2094 quium
459 2032 641 2094 germanae
658 2032 739 2076 snae
756 2010 883 2089 Gislae,
901 2008 1011 2095 quaesl
1028 2013 1065 2076 in
1084 2013 1138 2076 his
1155 2013 1276 2078 diebus
1287 2011 1312 2050 11
1328 2031 1443 2094 aegro·

323 2101 439 2178 tabat,
476 2101 520 2163 ad
552 2101 671 2165 Galam
706 2101 950 2165 monesterium
963 2102 988 2139 12
1022 2101 1188 2185 pervenit.
1243 2101 1438 2183 Faetoque⁰

325 2190 398 2254 eius
434 2190 632 2272 conloquio,
669 2189 713 2253 ad
748 2188 958 2254 Carisiaoum
993 2191 1113 2254 villam
1148 2190 1298 2254 Leonem
1333 2190 1443 2273 ponti·
1461 2216 1491 2256 ro

325 2280 433 2356 ficem,
458 2299 559 2361 quem
584 2279 676 2362 apud
701 2278 867 2342 Sanctum
883 2279 1088 2344 Medardum
1112 2279 1351 2362 dereliquerat,
1377 2278 1443 2342 sibi

218 2368 461 2432 narsobviam
499 2367 615 2432 venire
653 2368 749 2432 feeit.
812 2367 887 2446 Quo
926 2369 962 2430 in
1001 2368 1077 2432 loeo
1116 2369 1246 2452 pariter
1290 2367 1443 2432 natalem

325 2569 346 2614 a)
360 2567 445 2622 lptsnia
458 2566 479 2604 A
489 2568 508 2617 1,
524 2569 580 2616 quod
594 2569 717 2616 emaciari,-
735 2567 763 2615 cf.
781 2579 849 2615 supro
863 2579 888 2615 p.
904 2568 937 2617 25,
956 2569 972 2608 l.
987 2569 1007 2607 8.
1076 2568 1099 2616 b)
1117 2568 1146 2614 cf.
1162 2567 1248 2614 Guelfi:
1262 2565 1315 2606 inde
1329 2577 1444 2614 regressus

325 2621 376 2658 Kal.
392 2619 454 2667 Sept.
468 2620 496 2658 ad
510 2621 580 2668 Aquis
595 2622 710 2670 palatium.
776 2621 796 2672 o)
810 2622 842 2659 rra
855 2623 905 2660 Al.
970 2621 992 2672 d)
1012 2632 1055 2669 que
1069 2621 1110 2659 Al
1126 2613 1166 2672 (d).
1181 2621 1230 2659 131.
1295 2620 1316 2672 e)
1330 2621 1443 2668 Fretoque

325 2673 372 2722 AI,
388 2683 452 2720 queam
466 2683 538 2711 rocem
551 2675 598 2712 sine
610 2675 675 2712 dubio
689 2676 838 2723 depravatam,
853 2679 877 2712 ut
890 2686 958 2723 supra
971 2675 1078 2722 oorm‘we
1092 2678 1180 2713 conasse
1193 2685 1248 2723 eum,
1262 2685 1310 2712 cum
1323 2674 1443 2712 emendatio
1462 2671 1490 2711 25

325 2726 459 2776 eretusque,
470 2737 534 2775 quom
542 2727 581 2765 131
591 2728 689 2777 praebet,
698 2728 770 2766 minue
775 2729 869 2777 placeat,
880 2729 912 2766 ita
921 2732 944 2766 ut
956 2729 1047 2767 editores
1058 2738 1106 2766 eam
1115 2728 1183 2766 denuo
1193 2728 1305 2766 emendare
1314 2728 1442 2766 studuerint.

325 2778 476 2830 [Persemque
489 2780 601 2828 terendum
610 2781 756 2828 proponeris.
768 2780 854 2832 Tangit]
1199 2787 1202 2794 '

326 2940 352 3006 1)
378 2938 419 3001 Cf.
442 2955 530 3006 supra
549 2955 579 3006 p.
598 2942 641 3005 91,
667 2940 683 2993 l.
699 2942 723 2993 7.
742 2941 767 2994 8.
857 2939 885 3010 2)
909 2941 972 2995 Le.
995 2957 1029 2993 ore
1051 2941 1192 3000 Sororia;
1215 2943 1249 3006 ef.
1268 2939 1444 2992 Mdtlboeher

324 3027 369 3063 rrr.
387 3011 482 3074 med,-
505 3011 547 3064 ‘N.
566 3010 680 3062 Arrhio’
700 3009 810 3076 XXIV,
833 3029 860 3078 p.
880 3013 983 3078 mosq.
1057 3012 1085 3080 3)
1109 3011 1208 3065 Ghron.
1230 3012 1365 3066 Mor'seiae.
1388 3013 1405 3066 l.
1427 3011 1443 3066 l.

322 3099 350 3149 p.
371 3084 487 3148 257qu
507 3079 544 3133 nt
562 3085 658 3149 postes
676 3098 739 3134 oum
757 3099 858 3152 magno
877 3082 978 3151 gaudio
998 3082 1056 3151 ipse
1081 3081 1232 3150 imperator
1257 3082 1390 3135 remeavit
1415 3081 1444 3134 in
1463 3099 1490 3139 so

325 3152 441 3205 Francia
460 3156 488 3205 et
505 3152 630 3220 pervenit
649 3152 684 3204 ad
702 3153 790 3220 Aquis
809 3153 901 3206 sedem
920 3153 1032 3222 regiam.
1117 3155 1145 3221 4)
1168 3153 1243 3206 Haeo
1260 3157 1342 3206 rimis
1359 3157 1445 3219 inepte

324 3227 428 3277 inserto
446 3239 507 3291 esse,
527 3227 583 3275 iam
596 3225 704 3292 pridem
722 3227 816 3276 monui
833 3224 876 3278 ίΝ.
894 3223 1010 3277 Archir'
1027 3225 1135 3291 XXIV,
1150 3242 1180 3291 p.
1196 3227 1258 3280 418.
1295 3225 1444 3277 Secundum

325 3297 397 3350 Aron.
411 3313 435 3350 r.
447 3295 496 3350 Fr.
499 3335 508 3362 ,
526 3311 591 3362 quos
609 3298 696 3348 nostri
713 3297 790 3348 modo
801 3299 856 3362 ipsi
867 3298 949 3348 seoutr'
959 3301 1029 3362 aunt,
1044 3299 1192 3363 imperator
1204 3297 1287 3348 medio
1299 3296 1447 3362 Septembri

326 3367 471 3431 Coloniam,
491 3368 559 3430 inde,
577 3369 688 3418 dimisso
706 3370 830 3432 exercitu,
849 3369 944 3435 Aquas
962 3370 1038 3422 venit.
1129 3366 1156 3436 5)
1182 3367 1256 3418 Haeo
1274 3382 1373 3434 quoque
1390 3381 1444 3418 ooo

325 3439 963 3572 titiistitutittttttetttV
987 3444 1114 3579 eque&
1129 3439 1228 3562 'iit
1248 3439 1331 3563 “hii
1346 3439 1445 3562 liii
1463 3453 1490 3494 ³⁵

327 3579 353 3650 r)
386 3581 426 3646 or.
454 3597 540 3648 supra
564 3599 592 3647 p.
619 3583 662 3646 er,
691 3580 707 3632 r.
735 3583 776 3635 ro.
805 3583 846 3636 rr.
954 3582 983 3648 s>
1018 3581 1058 3647 or.
1086 3526 1225 3648 euprepio.
1246 3525 1295 3646 ir,
1324 3547 1341 3632 ιῖ
1366 3583 1391 3638 s.
1417 3581 1443 3632 4.

327 3651 353 3720 9)
381 3652 421 3717 Cf.
447 3668 533 3720 supro
554 3671 583 3720 p.
602 3654 645 3718 83,
671 3653 688 3706 l.
708 3653 750 3706 26.
861 3654 904 3718 10)
930 3653 1002 3706 Aren.
1022 3667 1046 3706 r.
1066 3651 1133 3706 Fr„-
1159 3649 1252 3716 ibique
1273 3654 1321 3717 (so.
1340 3650 1445 3714 Remos)

326 3726 482 3790 susceptum
506 3721 595 3790 primo
614 3721 782 3775 carisiacum
806 3721 907 3789 villam,
933 3721 981 3774 ubi
1005 3722 1126 3774 natalem
1150 3719 1262 3775 Domini
1287 3720 1445 3787 celebravit,

327 3793 425 3846 deinde
439 3793 612 3861 Aquasgrani
629 3792 766 3861 perduxit.
799 3793 871 3857 Quae
888 3793 967 3846 rerba
985 3793 1028 3844 hie
1042 3799 1213 3860 praepostero
1231 3795 1334 3844 inserto
1352 3808 1445 3843 rerum
1463 3808 1491 3847 40

326 3865 445 3917 ordinem
463 3862 589 3924 totana·
615 3865 649 3928 of.
669 3866 749 3929 infra
772 3865 788 3915 l.
808 3867 858 3932 223
881 3866 924 3918 (Ν.
943 3864 1056 3916 Arotiv'
1076 3863 1184 3928 XXIV,
1205 3880 1235 3930 p.
1254 3864 1315 3919 417.
1352 3863 1445 3915 Etiam

326 3936 501 3988 Mrthltaeher
522 3953 565 3991 nr.
585 3937 701 3992 mser
723 3936 766 3988 hio
790 3938 897 3989 errarit.
1006 3934 1051 4005 11)
1081 3935 1122 4000 Of.
1146 3950 1236 4001 sopra
1256 3951 1285 4002 p.
1304 3937 1349 4000 84,
1372 3951 1399 3988 rr.
1418 3936 1444 3988 2.

327 4007 371 4076 12)
393 4008 433 4072 Of.
451 4023 540 4074 supra
558 4024 588 4074 p.
608 4011 651 4074 33,
672 4008 689 4060 l.
708 4009 733 4060 2.
771 4007 865 4071 Soror,
883 4023 964 4072 quam
981 4005 1104 4058 Korolres
1122 4021 1225 4071 marro
1240 4009 1338 4073 pr'eiate
1356 4006 1445 4070 coluit,

326 4079 484 4131 monosterii
511 4078 630 4130 Cretensis
657 4077 792 4129 abbatissa
820 4083 892 4137 eron
919 4079 955 4140 of.
983 4077 1066 4131 Erat.
1092 4076 1122 4130 V.
1148 4076 1251 4130 Karolr'
1276 4076 1314 4132 M.
1345 4093 1366 4132 o.
1396 4077 1445 4144 18;

331 4150 468 4204 Praestat.
496 4166 517 4204 s.
543 4149 726 4210 Britomartis,
754 4148 801 4202 SS.
827 4149 891 4212 XV,
917 4165 944 4214 p.
969 4150 1037 4215 2853
1067 4147 1185 4213 deuna,
1210 4149 1311 4214 ‘Ko‘rre‘q
1335 4147 1445 4216 Prppr'rr'
1464 4163 1492 4204 45
1551 4193 1552 4197 ,

322 4241 351 4290 p.
370 4223 433 4287 426,
455 4237 482 4276 rr.
501 4223 534 4288 2;
556 4219 754 4272 Atel-Simeon
771 4219 812 4285 II,
830 4235 860 4287 p.
880 4222 940 4272 317.
