3304 4892
324 405 360 460 64
470 402 652 458 ANNALES
669 401 896 459 Martenses
914 403 1086 460 PRIORES.
1117 407 1152 461 A.
1167 408 1226 462 775.
1240 407 1301 462 776.

206 574 504 676 ‘af'ss'habuerunt
531 600 560 652 in
587 600 648 652 loco
680 599 727 667 qui
758 598 859 653 dicitur
886 599 1045 668 Litana-¹,
1076 599 1136 654 sed
1165 600 1282 654 *Franci
1308 597 1443 654 victore!

254 683 475 758 776.plurim0s
504 705 538 742 ex
564 688 629 757 ipsis
656 687 823 744 occiderunt.
870 687 933 743 Hoc
961 689 1080 742 audiens
1110 705 1166 743 rex
1194 687 1320 743 Oarolus
1351 690 1444 744 irruit

324 793 407 846 super
427 771 562 847 reliquos
586 773 640 846 qui
662 775 881 828 remanserant
900 776 1023 832 Saxones
1046 782 1074 832 st
1097 773 1252 846 percussit
1274 789 1327 830 ecs
1350 775 1443 848 plaga

324 855 472 936 magna².
531 859 580 917 Sic
611 860 743 917 tandem
773 862 867 918 tertia
896 878 970 936 pars
1001 860 1178 929 Saxonum,
1209 863 1263 936 qui
1295 862 1443 919 dicuntur

323 937 522 1018 tresiani-³,
555 949 709 1024 compulsi
740 955 849 1008 obsides
880 947 917 1007 et
949 947 1164 1008 sacramenta
1194 954 1343 1024 dederunt,
1373 958 1478 1011 sicula

324 1044 442 1099 ceteri
469 1043 592 1098 Saxones
622 1043 799 1100 fecerant.
855 1037 966 1113 Sieque
996 1040 1096 1096 victor
1124 1044 1237 1098 Oarolus
1267 1045 1303 1098 ad
1332 1046 1444 1114 propria

324 1150 448 1187 reversus
470 1137 517 1188 est.
555 1132 680 1187 Audiens
703 1137 838 1200 autem,
863 1133 936 1201 quod
954 1133 1117 1204 Rotgnudus
1140 1122 1210 1184 dux
1234 1121 1444 1186 Foroiulien-

324 1211 423 1287 sium,
455 1230 556 1293 quem
579 1210 652 1292 ipse
676 1209 763 1274 sibi⁴
787 1210 990 1293 prefecerat,
1017 1221 1101 1276 fidem
1127 1239 1205 1275 suam
1228 1223 1391 1276 mandaret
1417 1227 1445 1276 st

325 1315 510 1378 sacramenta,
547 1322 627 1380 quae
665 1305 839 1373 iuraverat,
886 1299 1148 1380 postposuissem,
1195 1320 1273 1363 eum
1319 1319 1444 1382 magna

324 1387 572 1454 festinatione⁶
594 1388 738 1452 intravit
761 1389 798 1451 in
818 1388 968 1451 Italiam.
1015 1394 1053 1450 In
1076 1411 1138 1469 quo
1162 1395 1274 1451 itinere
1293 1401 1445 1473 celebravit
1464 1411 1494 1450 rc

325 1490 445 1543 natalem
463 1488 574 1542 Domini
593 1489 621 1541 in
640 1489 707 1542 villa
724 1506 795 1556 quae
813 1488 914 1543 dieitur
932 1488 1098 1544 Soletistat⁷.

254 1591 315 1643 776.
432 1585 555 1648 Auno⁰
577 1584 769 1648 dominicae
792 1585 1039 1648 incarnationis
1063 1581 1316 1648 DCCLXXVI.
1361 1594 1445 1649 Garo-

210 1698 237 1736 A.
248 1708 268 1735 r.
276 1697 315 1736 11.
325 1685 368 1738 lus
385 1703 435 1738 rex
453 1687 589 1754 ingressus
607 1683 739 1738 Italiam*
758 1673 802 1736 ad
819 1673 962 1755 Papiam
979 1673 1154 1737 civitatem
1170 1673 1295 1736 veuitss.
1331 1667 1440 1736 Inde‘l

326 1762 389 1825 sub
412 1762 660 1826 festinatione⁹
685 1773 828 1842 perchusa
850 1772 1081 1828 Foroiuliensium
1106 1769 1166 1824 iter
1192 1755 1302 1836 feeitf,
1332 1763 1445 1845 inpro-

325 1852 503 1933 visumque
515 1855 775 1931 Rautgaudiumg
787 1870 958 1934 occupans
973 1857 1142 1925 interemit,
1160 1866 1192 1916 et
1208 1863 1241 1915 in
1254 1861 1413 1916 Tarvisioh·
1423 1861 1446 1892 ¹⁰
1465 1871 1491 1912 rs

214 1963 270 2010 Apr.
281 1964 314 2002 14.
326 1951 443 2005 civitate
461 1951 563 2019 pascha
581 1951 739 2022 celebravit,
766 1955 794 2004 et
819 1951 918 2020 captis
944 1951 1125 2005 civitatibus
1143 1950 1310 2005 Foroiuleni
1336 1955 1445 2020 atque

326 2039 473 2107 Tarvisio,
518 2034 740 2109 dispositisque
785 2035 818 2090 in
863 2035 924 2090 illia
963 2035 1105 2109 partibus
1146 2051 1228 2109 quae
1268 2034 1445 2092 necessaria

326 2122 453 2180 fuerant
463 2116 498 2191 1¹,
523 2123 674 2181 victorin
696 2128 841 2182 Franciam
864 2145 988 2183 reversus
1010 2133 1059 2185 est.

209 2230 315 2270 marr.
433 2211 553 2269 Eodem
587 2229 671 2270 anno
702 2211 840 2270 Saxones
871 2213 964 2270 solito
998 2229 1085 2270 more
1115 2216 1230 2270 cuncta
1264 2229 1344 2288 quae
1378 2228 1445 2287 pro·

326 2301 480 2358 miserant
502 2302 629 2358 mentiti
652 2306 737 2358 sunt.
782 2307 986 2376 Herisburgum
1009 2311 1130 2362 castrum
1153 2303 1390 2376 conquisierunt
1413 2304 1445 2358 et
1464 2317 1494 2355 aa

326 2408 426 2466 usque
460 2390 562 2447 solum
597 2409 724 2447 murum
754 2391 821 2447 eius
852 2397 1061 2464 destruxerunt,
1092 2391 1148 2447 sed
1178 2390 1322 2448 custodia
1351 2391 1445 2447 Fran-

326 2495 444 2548 corum,
469 2467 979 2555 (111110111111101111,111001011111ιζ
1004 2473 1041 2536 in
1068 2473 1216 2556 patriam
1240 2473 1397 2556 pervenit
1407 2472 1443 2534 12.

442 2663 469 2734 *)
488 2662 608 2716 Karalus
626 2680 684 2731 rex,
703 2667 741 2716 ut
758 2663 986 2732 prediximus
1004 2665 1063 2720 Β1.

328 2859 350 2911 a)
369 2857 469 2898 Lidhaeh
488 2859 546 2898 Anu.
566 2871 585 2898 r.
604 2860 657 2906 Pr.,·
674 2857 764 2898 liddaeh
784 2862 850 2898 aeder
869 2861 919 2900 Dl.
1000 2860 1024 2910 b)
1043 2861 1074 2898 aa
1092 2860 1142 2900 ΔΙ.
1161 2860 1215 2898 Lot.
1297 2861 1318 2908 0)
1336 2858 1402 2898 Δ11110
1421 2879 1446 2888 -

328 2912 484 2953 DOOLXXVI.
501 2924 542 2951 em.
558 2913 605 2952 Al.
670 2913 692 2963 d)
708 2919 731 2952 et
746 2913 789 2953 Bl.
855 2916 875 2964 e)
890 2914 913 2951 iu
927 2921 985 2962 part.
1001 2914 1048 2954 131.
1113 2912 1131 2963 1)
1145 2913 1254 2952 direxit
1267 2913 1313 2953 Β1.
1379 2911 1400 2963 g)
1414 2913 1447 2950 r'la
1465 2907 1492 2948 25

328 2967 380 3017 Δις
401 2963 542 3014 Rotgaudum
557 2966 627 3013 nou,-
643 2963 791 3013 rabigaudum
806 2966 858 3016 1313
880 2967 907 3014 ef.
927 2971 946 3005 el
964 2978 1033 3016 mpra
1051 2967 1065 3010 1.
1078 2968 1096 3009 7.
1177 2967 1200 3017 11)
1221 2967 1304 3005 taruiso
1323 2966 1345 3004 11.
1361 2966 1376 3008 l.
1395 2965 1445 3005 Ar.

328 3020 344 3072 1)
358 3021 389 3060 aa
402 3021 455 3069 A1;
469 3020 598 3058 Foroiulem
612 3019 669 3059 Ana.
686 3031 704 3060 r.
719 3020 759 3058 Fr.
815 3020 838 3070 11)
853 3021 876 3058 in
891 3019 984 3059 coloniis
998 3021 1045 3061 Al.

329 3181 355 3250 1)
380 3180 514 3232 halaam
541 3181 668 3246 oppidum
695 3183 765 3231 inter
790 3179 900 3230 llinden
926 3186 949 3232 el
977 3179 1142 3233 unaarum.
1233 3179 1261 3249 2)
1290 3180 1332 3242 Cf.
1360 3194 1447 3245 supra

323 3254 410 3389 11
429 3251 853 3374 ’.1·1..1111.11ῗ.”·)·1..3)
875 3250 1492 3376 01111111111151111

327 3392 552 3462 langobardum,
578 3409 661 3459 quem
678 3393 737 3460 ipse
755 3340 987 3446 Foroiuliensibus
1012 3391 1111 3445 ducem
1136 3392 1257 3452 dederat,
1325 3337 1376 3460 gir)
1402 3391 1445 3456 Cf.

327 3481 413 3532 supra
429 3482 457 3532 p.
470 3467 514 3531 48,
530 3466 547 3518 l.
562 3465 586 3518 6.
617 3465 718 3529 Rapina
725 3483 735 3515 .·
753 3467 920 3532 postponens
938 3463 1021 3517 iidem
1040 3467 1068 3516 et
1086 3468 1265 3520 sacramenta.
1332 3463 1359 3532 6)
1372 3463 1445 3518 Anu.

328 3553 352 3602 q,
371 3537 397 3590 d⁴
416 3536 557 3588 Einhardi
581 3552 606 3590 a.
627 3538 691 3590 776:
719 3534 765 3587 Ad
785 3552 851 3602 quos
870 3539 960 3588 motus
979 3535 1200 3604 comprimendos
1219 3552 1282 3589 cum
1300 3534 1352 3588 sibi
1370 3533 1446 3587 festi-

328 3605 451 3659 nandum
469 3605 601 3660 iudicaret
621 3638 657 3646 -
674 3637 710 3645 -—
731 3605 836 3674 eadem,
862 3623 915 3675 qua
932 3609 1052 3674 venerat,
1071 3607 1216 3661 velocitate
1240 3622 1364 3660 reversus
1390 3607 1446 3673 est;

328 3679 364 3742 ef.
381 3678 494 3730 Pueleerl
510 3679 528 3732 1.
541 3681 559 3736 1,
574 3695 603 3744 p,
618 3680 669 3734 166
679 3695 716 3744 sq.
784 3678 811 3745 7)
829 3679 998 3730 Schletteladt
1014 3681 1044 3730 in
1056 3680 1172 3733 alsatia.
1238 3681 1266 3746 8)
1286 3679 1330 3728 Ita
1348 3679 1401 3730 sols·
1416 3677 1450 3729 la'
1465 3688 1493 3728 aa

329 3750 447 3815 annales,
467 3751 513 3801 aad
525 3750 659 3802 Karalum
676 3753 705 3800 in
720 3753 851 3816 regulorum
863 3751 1073 3802 Foroiuliensem
1086 3751 1255 3814 festinantem
1267 3754 1318 3800 iter
1329 3748 1446 3816 Papiam

328 3822 460 3872 diremisse
474 3836 592 3886 prorsus
611 3837 628 3871 a
646 3823 704 3872 aeri
719 3823 805 3872 simui
817 3821 949 3887 abherret,
963 3838 1047 3888 quare
1060 3820 1175 3888 Papiam
1188 3837 1221 3872 en
1234 3819 1378 3872 Patavium
1394 3821 1447 3872 cire

328 3889 450 3944 Paduam
476 3893 651 3959 mmauatum
669 3893 833 3946 medianum.
908 3894 935 3958 9)
955 3893 996 3955 Cf.
1015 3909 1102 3959 supra
1122 3910 1149 3946 u.
1168 3895 1193 3946 6.
1268 3893 1311 3958 10)
1331 3891 1446 3944 Tremo.

330 3962 374 4032 11)
389 3963 431 4025 Cf.
444 3978 531 4029 supra
543 3981 572 4030 p.
587 3965 629 4027 18,
643 3965 659 4017 l.
673 3967 723 4030 233
739 3965 818 4027 infra
835 3980 859 4016 a.
874 3965 933 4018 779.
948 3965 1009 4018 782.
1023 3966 1083 4018 783.
1097 3967 1156 4018 799.
1173 3971 1197 4014 et
1210 3965 1372 4030 praesertim
1384 3965 1446 4028 803,

328 4034 375 4085 ubi
399 4034 502 4085 similia
525 4049 579 4086 nen
603 4036 682 4086 semel
707 4041 865 4095 occurrunt,·
892 4034 934 4087 ‘N.
962 4035 1074 4086 Arehn’r'
1099 4035 1206 4097 XXIV,
1230 4051 1259 4100 p.
1281 4037 1343 4100 403,
1371 4051 1398 4086 u.
1420 4035 1445 4087 3.
1463 4043 1492 4082 40

330 4107 374 4173 12)
393 4107 427 4158 Α.
440 4121 464 4159 r.
478 4105 528 4160 Fr.
542 4106 661 4158 Senones
677 4107 813 4172 praecidio
825 4107 996 4156 Francorum
1013 4106 1107 4170 dolose,
1125 4111 1155 4156 ut
1172 4110 1291 4157 matrum
1309 4107 1446 4169 desereret,

324 4179 509 4245 perercaeicem
527 4179 600 4230 Anu.
619 4194 643 4243 q,
663 4179 688 4232 d.
706 4177 788 4231 Eine.
806 4178 875 4228 idem
894 4193 912 4227 a
930 4177 1084 4228 Senonibus
1102 4178 1250 4242 eapulsum,
1269 4178 1399 4228 incolume
1416 4178 1446 4226 iu

325 4249 449 4316 patriam
467 4235 596 4324 reddidere
613 4250 665 4300 soli
680 4251 770 4300 nomm·
786 4250 906 4302 tradunt.
945 4247 1112 4314 Quamquam
1129 4249 1256 4299 similiter
1268 4249 1377 4314 Rapina,
1396 4246 1444 4300 SS.

328 4338 353 4375 r.
372 4321 403 4374 G.
419 4338 448 4386 p.
466 4323 500 4376 50
512 4336 569 4386 aa:
587 4317 699 4372 Interea
717 4317 838 4372 Saxones
858 4363 864 4373 .
884 4362 890 4374 .
912 4362 917 4373 .
937 4317 1125 4372 fraudulenter
1142 4317 1255 4372 Francis
1273 4318 1396 4385 suadent,
1415 4320 1446 4369 ut

329 4391 364 4444 de
382 4394 470 4444 castro
489 4393 587 4444 exeant
606 4394 634 4442 et
652 4407 714 4442 cum
731 4405 799 4458 paee
818 4391 846 4442 in
864 4389 982 4458 patriam
1000 4393 1125 4458 pergant.
1463 4396 1491 4436 4⁵
